2978 4988
624 257 847 320 ..24-

153 451 228 528 coli,
268 452 370 536 idque
413 451 531 515 iisdem
573 450 684 513 verbis
724 451 815 514 dicit.
876 449 922 513 Et
961 471 1037 514 cum
1078 449 1227 515 Caesar
1255 451 1322 515 dicat

154 558 343 623 Germanos
371 558 562 638 „sacrificiis
594 581 662 621 non
694 558 863 634 studere“,
889 558 1031 621 Tacitus
1066 579 1130 621 eos
1166 558 1324 623 Mercurio

155 667 272 729 hostiis
311 666 419 741 litare,
459 665 608 728 Martem
647 679 681 729 et
720 665 903 728 Herculem
943 664 1151 728 animalibus
1190 667 1327 750 placare,

153 773 231 836 lsidi
267 773 458 836 sacrificare
482 773 639 836 affirmat.
696 772 801 849 Quod
836 785 949 835 autem
984 772 1090 848 addit,
1130 774 1232 836 nulla
1269 794 1329 836 esse

155 881 296 943 deorum
321 880 499 943 simulacra
522 903 565 943 ne
590 881 716 965 templa
740 880 888 964 quidem,
912 879 973 942 sed
997 879 1091 942 lucos
1120 901 1329 965 nemoraque

154 999 363 1063 consecrata,
389 1009 431 1050 ex
456 1009 497 1050 eo
522 989 631 1051 conici
661 988 750 1062 licet,
783 988 840 1071 qui
871 987 1002 1050 iactum
1032 987 1085 1062 sit,
1119 1000 1162 1050 ut
1197 987 1331 1062 Caesar,

155 1095 211 1178 qui
236 1095 267 1155 in
293 1094 381 1158 bello
407 1107 538 1157 tantum
569 1116 645 1158 cum
676 1094 854 1158 Germanis
887 1115 1089 1179 congressus
1123 1094 1240 1157 vitam
1275 1095 1332 1179 pri·

154 1214 268 1263 vatam
292 1201 501 1287 deorumque
527 1202 652 1264 cultum
676 1224 743 1265 non
767 1203 839 1286 ipse
865 1212 1086 1286 cognoverat,
1103 1202 1170 1264 sed
1188 1201 1235 1266 ab
1254 1202 1331 1275 aliis,

154 1308 211 1392 qui
235 1328 323 1392 quae
353 1308 508 1371 viderant
532 1309 752 1372 audierantve
777 1330 844 1371 non
868 1308 1114 1384 intellexerant,
1132 1321 1329 1394 acceperat,

155 1415 304 1478 traderet
331 1415 539 1494 ,Germanos
563 1415 676 1480 Solem
701 1428 734 1478 et
758 1415 949 1480 Vulcanum
975 1429 1008 1479 et
1020 1416 1170 1492 Lunam,
1189 1438 1330 1502 quorum

154 1535 272 1606 aperte
297 1521 418 1607 opibus
447 1524 652 1601 iuvarentur,
676 1524 767 1587 solos
799 1524 881 1588 deos
915 1524 1070 1586 ducere.“
1121 1521 1332 1588 Sacerdotes

156 1651 236 1692 vero
261 1629 439 1692 Germanis
463 1631 567 1694 fuisse
593 1652 718 1716 eosque
744 1653 810 1694 non
835 1631 943 1694 solum
966 1630 1067 1693 rebus
1091 1630 1220 1694 divinis
1236 1652 1332 1715 prae·

154 1737 270 1813 fuisse,
295 1738 387 1823 quod
411 1751 515 1823 negat
540 1737 679 1814 Caesar,
704 1739 765 1801 sed
790 1740 891 1802 etiam
915 1738 947 1800 in
973 1735 1170 1821 republica
1189 1738 1329 1801 multum

154 1842 310 1921 valuisse,
336 1845 411 1929 plus
436 1867 537 1931 quam
562 1867 662 1930 reges
679 1858 712 1908 et
731 1846 845 1922 duceS,
863 1845 1005 1908 Tacitus
1022 1843 1213 1906 identidem
1230 1845 1331 1909 dicit:

155 1945 184 2013 c'.
211 1955 227 2014 1
257 1972 317 2030 ,ne
349 1952 529 2015 verberare
562 1952 698 2036 quidem
729 1953 791 2015 nisi
824 1951 1058 2016 sacerdotibus
1082 1951 1331 2034 permissum“;

156 2079 184 2122 c.
212 2063 252 2123 10
277 2061 304 2122 si
328 2058 462 2144 publice
487 2060 705 2136 consultetur,
730 2059 890 2124 sacerdos
922 2059 1066 2122 civitatis
1091 2105 1098 2120 .
1124 2105 1131 2120 .
1159 2105 1166 2120 .
1193 2106 1202 2121 .
1230 2060 1333 2122 inter-

154 2178 324 2250 pretatur3
350 2188 455 2252 equos
478 2189 613 2252 pressos
647 2188 743 2231 sacro
780 2188 880 2231 curru
915 2166 1074 2229 sacerdos
1109 2185 1152 2228 ac
1187 2187 1253 2229 rex
1278 2164 1331 2228 vel

155 2274 313 2358 princeps
331 2275 475 2338 civitatis
497 2276 716 2348 comitantum
741 2296 769 2338 c.
790 2279 826 2338 11
851 2275 1019 2337 silentium
1039 2294 1101 2356 per
1118 2273 1329 2348 sacerdotes,

156 2379 277 2464 quibus
314 2393 383 2450 tum
417 2384 462 2464 (in
501 2383 656 2464 concilio)
693 2395 727 2445 et
763 2380 944 2445 coercendi
968 2381 1029 2456 ius,
1067 2380 1277 2463 imperatum
1302 2400 1329 2443 c.

156 2492 217 2553 40:
252 2489 443 2552 vehiculum
476 2491 643 2575 attingere
675 2490 731 2551 uni
765 2488 935 2551 sacerdoti
975 2507 1195 2560 concessum3
1231 2508 1263 2551 c.
1289 2493 1330 2551 43

155 2596 326 2679 praesidet
350 2596 520 2659 sacerdos

245 2701 403 2766 Similiter
434 2701 617 2765 Caesarem
651 2703 823 2787 corrigens
855 2701 997 2765 Tacitus
1029 2700 1220 2765 Germanos
1255 2709 1331 2763 tem-

153 2809 251 2894 poris
274 2808 463 2893 spatiorum
487 2809 732 2894 computatam
755 2832 821 2873 non
846 2832 866 2872 a
883 2808 1059 2872 Gallorum
1083 2807 1332 2872 consuetudine

156 2915 296 2978 differre
308 2919 319 2956 1
343 2916 553 2980 demonstrat
565 2940 572 2980 :

286 3022 453 3087 Caesar
476 3023 515 3087 B.
540 3023 583 3088 G.

200 3130 249 3193 IV
277 3134 327 3195 18.
352 3130 441 3193 Galli
470 3153 505 3195 se
531 3153 647 3195 omnes
670 3131 714 3194 ab

156 3236 236 3300 Dite
268 3249 366 3321 patre
402 3250 589 3323 prognatos
617 3261 716 3324 prae-

157 3345 273 3408 dicant
312 3345 412 3429 idque
457 3344 501 3409 ab
540 3345 715 3409 druidibus

157 3452 329 3537 proditum
362 3452 488 3515 dicunt.
548 3451 603 3515 Ob
641 3474 716 3515 eam

157 3580 296 3622 causam
309 3561 419 3644 spatia
435 3561 542 3622 omnis
555 3559 716 3644 temporis

157 3687 223 3728 non
270 3688 409 3729 numero
455 3668 604 3742 dierum,
656 3666 716 3729 sed

157 3775 305 3836 noctium
330 3774 466 3849 finiunt3
491 3774 564 3837 dies
588 3773 716 3836 natales

950 3022 1151 3087 Tacstus

816 3135 866 3194 11.
891 3129 1027 3193 Coeunt
1051 3129 1113 3192 nisi
1142 3129 1236 3215 quod
1262 3130 1334 3192 for-

769 3238 891 3301 tuitum
937 3249 970 3299 et
1014 3236 1162 3300 subitum
1200 3235 1333 3312 incidit,

770 3346 871 3409 certis
906 3343 1040 3420 diebus,
1075 3364 1152 3406 cum
1186 3354 1248 3405 aut
1285 3344 1335 3406 in·

770 3452 912 3514 choatur
945 3450 1023 3513 luna
1056 3461 1114 3513 aut
1155 3449 1335 3533 impletur3

771 3581 849 3621 nam
872 3557 1014 3643 agendis
1039 3557 1140 3620 rebus
1172 3557 1240 3620 hoc
1275 3579 1338 3620 au-

770 3665 1338 3751 spicatissimuminitiumcredunt.

771 3773 847 3836 Nec
887 3772 1017 3834 dierum
1056 3792 1248 3846 numerum,
1301 3786 1340 3836 ut

158 3893 191 3943 et
216 3882 380 3943 mensium
397 3894 430 3945 et
446 3903 610 3944 annorum
626 3881 719 3943 initia
774 3901 846 3954 nos,
870 3879 932 3941 sed
956 3879 1105 3941 noctium
1123 3892 1340 3962 computant.

248 4058 257 4087 ¹
277 4061 357 4111 Caes.
378 4061 408 4109 Β.
429 4060 463 4110 G.
484 4060 523 4108 VI
544 4063 585 4120 11,
607 4075 678 4123 „quo
699 4059 830 4107 differant
855 4059 909 4105 hae
934 4060 1063 4106 nationes
1083 4059 1155 4106 inter
1175 4055 1279 4121 sese“;
1300 4061 1345 4112 VI

162 4153 214 4200 21:
235 4151 368 4200 Germani
389 4151 505 4199 multum
525 4150 560 4197 ab
580 4150 632 4196 hac
653 4148 856 4197 consuetudine
877 4146 1035 4198 differunt.“
