2978 4988
601 393 821 456 ,61-

218 585 395 671 Hennings
418 584 577 648 Tacitum
602 585 725 648 diutius
749 586 783 647 in
807 584 990 648 Germania
1015 586 1173 649 interiore
1206 607 1299 649 com-

188 704 294 756 ratum
318 713 391 755 esse
416 692 561 755 coniecit
585 713 627 754 ex
644 692 695 754 his
711 691 824 754 Taciti
848 691 977 755 verbis:
1003 691 1048 775 (c.
1067 694 1121 774 32)
1150 705 1298 772 ,certum

186 818 196 861 t
229 800 326 863 alveo
366 799 526 884 Rhenum
561 797 659 882 Usipi
695 819 736 862 ac
770 798 932 862 Tencteri
968 798 1113 863 colunt.“
1166 799 1300 877 „Deum

188 905 246 987 uit,
281 927 359 968 man
391 906 450 968 hat
485 904 595 968 dieses
631 905 720 968 wohl
756 905 815 967 mit
850 905 964 968 Recht
999 906 1059 968 aut
1089 905 1142 968 die
1167 905 1300 970 Ueber-

187 1034 428 1098 rwemmungen
452 1013 512 1076 des
536 1012 687 1075 Rheines
712 1013 744 1074 in
768 1012 846 1075 dem
871 1025 1013 1075 unteren
1038 1012 1159 1075 Theile
1190 1014 1299 1076 seines

186 1119 256 1183 uses
279 1121 453 1206 gedeutet.
500 1118 584 1182 Also
608 1120 691 1205 liegt
715 1119 747 1181 in
772 1119 850 1182 dem
888 1120 1001 1197 ,iam,“
1040 1119 1084 1182 da
1119 1120 1209 1183 doch
1244 1120 1298 1183 die

186 1228 327 1291 torische
368 1226 686 1312 (geographischel)
732 1225 969 1311 Betrachtung
1016 1227 1085 1289 fast
1133 1248 1200 1289 von
1239 1227 1300 1290 der

183 1347 480 1421 :gegengesetzten
503 1334 595 1398 Seite
629 1333 815 1410 herfuhrte‚
849 1335 923 1397 eine
957 1333 1184 1418 Gewbhnung
1216 1334 1300 1397 oder

182 1446 285 1505 ¹›ssere
309 1441 552 1527 Leichtigkeit,
576 1442 648 1504 sich
672 1462 737 1503 von
762 1440 944 1504 Germania
978 1440 1116 1504 inferior
1146 1443 1206 1503 her
1237 1442 1299 1506 das

183 1546 243 1612 kal
266 1549 340 1612 klar
368 1572 409 1612 zu
445 1550 598 1613 machen.
645 1549 723 1612 Von
761 1549 851 1612 Rom
887 1571 947 1612 aus
982 1571 1053 1613 war
1088 1550 1149 1613 der
1183 1571 1300 1635 umge-

183 1668 249 1719 1rte
284 1655 504 1740 Standpunkt
539 1655 715 1720 natfirlich.
783 1657 899 1720 Daher
934 1655 987 1719 bei
1024 1656 1116 1719 Mela
1152 1655 1198 1719 Ill
1239 1661 1298 1720 24:

186 1785 270 1826 enus
295 1765 360 1825 iam
385 1784 451 1826 non
475 1764 592 1839 amnis
616 1764 677 1826 sed
701 1765 820 1848 ingens
845 1765 937 1827 lacus
956 1769 1083 1827 cett.“.
1110 1811 1117 1826 .
1142 1763 1190 1826 At
1206 1763 1299 1826 Mela

186 1891 236 1931 am
259 1869 372 1933 Rheni
397 1891 542 1946 cursum,
559 1892 579 1932 a
597 1870 744 1934 fontibus
761 1871 916 1933 nimirum
932 1892 1083 1947 exorsus,
1101 1870 1298 1935 describens

188 1999 196 2036 t
219 1977 335 2040 ordine
360 1977 508 2063 singulas
532 1977 623 2039 fluvii
647 1990 762 2062 partes
787 1998 1053 2041 commemorare
1085 2000 1152 2041 non
1176 1979 1299 2062 potuit,

192 2104 232 2146 ue
268 2084 351 2147 fecit
390 2084 520 2148 verbis:
564 2084 724 2164 „Rhenus
753 2085 898 2170 Alpibus
937 2086 1100 2149 decidens
1139 2108 1246 2170 prope
1279 2108 1299 2149 a

191 2191 241 2254 »ite
266 2191 351 2255 duos
375 2192 468 2256 lacus
492 2193 609 2256 eflicit.
656 2193 742 2255 Mox
766 2193 824 2256 diu
853 2193 979 2257 solidus
1012 2206 1046 2257 et
1075 2206 1169 2257 certo
1203 2194 1300 2256 alveo

192 2319 243 2360 sus
267 2297 358 2361 haud
381 2299 499 2383 procul
523 2321 544 2362 a
568 2299 650 2362 mari
674 2300 754 2384 ripis
777 2299 878 2384 longe
904 2321 945 2363 ac
970 2300 1036 2363 late
1061 2299 1300 2364 recedentibus

192 2428 198 2466 ι
220 2426 286 2468 non
310 2407 428 2482 amnis,
453 2407 514 2469 sed
538 2406 657 2492 ingens
681 2407 774 2469 lacus
791 2419 897 2470 cett..
924 2415 951 2469 .“
971 2408 1113 2471 Tacitus
1126 2430 1205 2472 vero
1225 2428 1302 2472 cum

203 2514 267 2594 29.)
305 2512 456 2577 Batavos
495 2514 635 2577 insulam
674 2514 786 2577 Rheni
826 2515 1011 2578 incolentes
1051 2515 1299 2599 descripsisset,

196 2631 311 2704 tquam
335 2620 380 2705 (c.
406 2626 448 2687 30
473 2634 506 2684 et
531 2624 585 2704 31)
622 2621 776 2698 Chattos
812 2643 955 2706 quorum
994 2623 1140 2707 populus
1178 2622 1301 2685 Batavi

193 2727 303 2790 ›ndam
327 2727 469 2804 fuerant,
494 2729 526 2790 in
551 2728 655 2791 saltus
679 2728 842 2816 Hercynii
868 2729 954 2814 iugis
978 2749 1019 2793 ac
1044 2729 1185 2818 collibus
1208 2728 1303 2792 habi-

193 2855 204 2896 3
228 2833 323 2910 dixit,
348 2835 392 2897 ad
416 2833 529 2897 Rheni
553 2836 660 2919 ripam
677 2837 810 2899 rediens
828 2836 873 2920 (c.
894 2839 948 2919 32)
970 2830 1139 2914 „Proximi
1157 2837 1302 2912 Chattis,

194 2943 250 3017 uit,
275 2954 405 3005 certum
429 2942 495 3003 iam
525 2941 622 3004 alveo
645 2941 814 3019 Rhenum,
851 2945 886 3007 id
921 2955 982 3020 est,
1018 2944 1160 3007 solidam
1184 2944 1302 3028 ripam,

194 3060 260 3110 rut
282 3048 405 3112 Batavi
430 3049 571 3112 insulam
595 3048 722 3126 Rheni,
748 3049 846 3134 Usipi
882 3070 923 3113 ac
958 3050 1120 3114 Tencteri
1154 3051 1299 3114 colunt.“

211 3171 367 3257 Linguae
379 3173 625 3237 Germanorum
638 3175 785 3260 aliquam
799 3176 950 3238 notitiam
962 3174 1119 3238 habuisse
1128 3175 1304 3240 Romanos

195 3280 229 3344 lis
254 3282 530 3366 commerciisque
554 3295 686 3366 partam
711 3305 813 3367 supra
837 3283 991 3346 diximus
1044 3282 1166 3368 Neque
1191 3295 1304 3346 tamen

195 3389 293 3450 citum
329 3389 438 3472 ipsum
472 3388 606 3474 linguae
642 3411 709 3452 non
744 3390 898 3468 ignarum
933 3391 1038 3454 fuisse
1083 3402 1116 3453 et
1151 3392 1304 3454 notitiam

195 3516 268 3580 guae
304 3496 336 3556 in
368 3494 551 3558 Germania
586 3497 660 3581 ipsa
696 3518 772 3560 cum
807 3498 925 3561 incolis
961 3498 1210 3582 colloquentem
1241 3498 1304 3561 sibi

195 3603 307 3665 'avisse
347 3624 389 3664 ex
428 3601 540 3666 libello
579 3617 733 3688 apparet,
774 3606 867 3689 quod
905 3604 1004 3667 Kritz
1043 3616 1150 3688 putat.
1213 3604 1304 3668 Nam

195 3707 309 3772 tabulis
333 3707 554 3784 Germanicis,
579 3731 667 3794 quae
701 3710 844 3775 Tacitus
874 3712 1000 3787 laudat,
1036 3711 1091 3774 alii
1122 3712 1304 3796 scriptores

196 3837 215 3879 e
250 3838 328 3878 eum
362 3818 411 3879 usi
447 3828 534 3879 sunt.
593 3815 699 3893 Quod
736 3831 849 3882 autem
884 3819 1076 3882 Watterich
1112 3820 1304 3883 contendit:

195 3925 300 3988 acitus
324 3925 420 3987 weist
444 3946 473 3988 c.
499 3929 540 3989 43
565 3925 626 3988 aul
649 3925 714 3988 den
750 3928 948 3990 suevischen
981 3927 1114 3990 Dialect
1145 3928 1212 3998 hin,
1245 3948 1307 4011 ge-

197 4052 213 4094 s
237 4032 291 4093 ein
314 4031 472 4107 Zeichen,
497 4032 575 4096 dass
600 4055 637 4095 er
661 4033 732 4096 sich
758 4032 843 4096 iiber
867 4035 1100 4098 Deutschland
1128 4035 1221 4097 nicht
1244 4055 1305 4097 aus

220 4137 331 4200 Ferne
355 4139 527 4202 orientiert
551 4141 639 4216 hat,“
666 4140 756 4202 idem
779 4139 921 4204 Tacitus
938 4140 1168 4205 Pannonicam
1192 4147 1233 4222 (e.
1252 4145 1304 4218 28,

197 4293 202 4324 ,
236 4244 463 4310 Britannicam
498 4247 540 4330 (c.
572 4250 639 4333 45),
663 4246 890 4312 Peucinorum
925 4248 1075 4335 linguam
1099 4252 1141 4332 (c.
1167 4250 1222 4332 46)
1258 4249 1305 4313 ita
