2978 4988
544 372 743 434 ..9.-

57 586 125 650 que
151 564 385 648 expeditiones
409 563 546 627 Asinius
570 564 678 628 Pollio
714 567 745 626 in
782 565 843 627 illis
879 562 970 625 libris
1008 563 1097 625 haud
1127 561 1228 625 dubie

57 683 395 747 commemoraverat,
431 683 464 734 et
500 671 702 736 Strabonem
738 695 780 735 ex
817 672 871 734 illo
897 670 1007 732 Rheni
1038 690 1228 731 mensuram

60 779 213 842 videmus
239 778 488 862 deprompsisse
503 779 565 860 (IV
583 785 613 854 3,
640 782 733 861 lssssl:
763 779 863 868 7,φησὶ
889 778 924 843 δὲ
947 776 984 843 τὸ
1009 780 1111 866 μῆκος
1135 771 1233 842 alrot·

60 889 130 969 (τοῦ
151 881 276 974 Ῥήνον)
301 883 444 951 σταδίων
467 885 690 970 ἑξακισχιλίων
712 883 885 965 Ἀσίνιος.“

150 991 376 1075 Praecipuum
401 993 511 1055 locum
535 995 623 1056 inter
647 1016 704 1057 eos
735 995 928 1077 scriptores
954 993 1010 1075 qui
1035 1001 1113 1053 ante
1131 989 1233 1051 Taci-

61 1112 131 1162 tum
155 1099 198 1162 de
223 1098 401 1162 Germanis
425 1101 641 1184 scripserunt,
666 1099 794 1163 obtinet
828 1098 864 1162 T.
889 1098 1020 1162 Μυίας.

149 1205 257 1268 Huius
280 1207 494 1268 historiarum
526 1206 609 1270 liber
640 1212 719 1283 104,
755 1208 810 1291 qui
844 1207 960 1290 periit,
997 1204 1114 1283 ,situm
1147 1201 1234 1266 Ger-

63 1314 195 1376 maniae
221 1335 399 1398 moresque
424 1313 653 1390 continebat“,
678 1327 714 1376 ut
731 1336 772 1376 ex
791 1326 990 1397 argumento
1016 1311 1231 1396 intellegitur.

150 1419 246 1482 Bella
279 1441 299 1482 a
334 1420 497 1484 Romanis
532 1436 649 1484 contra
685 1422 875 1485 Germanos
909 1420 985 1482 inde
1022 1441 1042 1481 a
1075 1418 1232 1481 Caesaris

61 1526 269 1611 temporibus
293 1549 399 1611 usque
425 1528 469 1590 ad
494 1529 596 1613 ipsius
612 1527 700 1593 Livii
724 1541 872 1592 aetatem
897 1528 951 1590 illo
975 1525 1060 1589 libro
1086 1537 1119 1588 et
1141 1522 1232 1586 libris

65 1638 238 1697 137-140
274 1636 524 1698 accuratissime
560 1636 731 1720 descripta
767 1635 867 1698 fuisse
903 1635 1076 1718 scriptoris
1113 1644 1233 1695 natura

64 1753 167 1825 atque
194 1740 317 1817 indole,
342 1742 449 1825 qualis
474 1764 516 1804 ex
541 1742 632 1806 libris
657 1744 797 1806 servatis
822 1755 977 1828 apparet,
1000 1740 1175 1826 probatur.

129 1865 294 1928 'Tacitus
318 1880 431 1928 autem
456 1866 590 1929 Livium
616 1866 746 1952 (Agric.
782 1871 834 1947 10)
872 1879 1041 1945 ,veterum
1075 1866 1234 1949 eloquen-

63 1973 225 2035 tissimum
249 1979 441 2035 auctorem“
470 1996 543 2037 esse
569 1975 650 2037 dicit
680 1988 712 2037 et
738 1974 873 2057 (Annal.
910 1974 961 2035 lV
1002 1977 1074 2056 ab:
1116 1973 1233 2051 „Titus

63 2079 211 2155 Livius“,
236 2080 352 2164 inquit,
381 2080 610 2165 „eloquentiae
636 2103 677 2144 ac
701 2082 779 2145 fidei
812 2083 1007 2165 praeclarus
1038 2080 1232 2164 imprimis“.

62 2185 177 2271 Atque
201 2186 289 2249 Livii
312 2187 499 2250 studiosum
524 2189 626 2251 t'uisse
651 2189 810 2252 Tacitum
835 2189 994 2251 orationis
1018 2186 1232 2251 similitudine

62 2292 314 2378 comprobatur,
346 2295 439 2357 cuius
471 2297 615 2380 vestigia
646 2296 804 2358 nonnulla
839 2296 975 2381 collegit
1004 2295 1199 2358 Wdllflinus
1212 2297 1232 2357 ¹.

63 2399 183 2485 ltaque
220 2423 271 2478 ea,
306 2423 393 2487 quae
428 2401 569 2464 aLivio
606 2403 648 2465 de
682 2401 860 2465 Germanis
895 2403 1023 2489 scripta
1058 2414 1165 2478 erant,
1201 2402 1232 2463 in

61 2529 161 2570 usum
184 2529 280 2571 suum
305 2510 511 2572 convertisse
535 2509 693 2572 Tacitum
718 2522 982 2572 consentaneum
1007 2521 1066 2570 est.

153 2629 329 2696 Strabonis
352 2634 612 2719 descriptionem
637 2633 851 2705 Germaniae,
877 2657 964 2719 quae
996 2634 1140 2717 septimo
1172 2655 1235 2717 po-

63 2739 227 2802 tissimum
250 2743 557 2826 geographicorum
582 2743 652 2804 eius
676 2741 760 2805 libro
779 2743 980 2816 continetur,
999 2761 1063 2803 non
1081 2741 1233 2825 ignotam

67 2847 168 2909 tuisse
192 2846 315 2911 Tacito
339 2871 404 2911 non
430 2850 644 2934 negaverim
669 2850 730 2912 sed
761 2871 857 2911 usum
890 2871 964 2911 esse
1000 2871 1040 2910 ea
1073 2848 1234 2910 Tacitum

68 2954 96 3016 in
124 2952 208 3016 libro
234 2957 470 3040 componendo
494 2979 559 3019 non
585 2956 738 3019 arbitror.
788 2955 887 3032 Quae
916 2957 1003 3018 enim
1035 2953 1159 3018 Strabo
1191 2954 1233 3016 de

71 3059 249 3124 Germania
285 3064 439 3138 certiora,
476 3086 577 3148 quam
613 3063 667 3125 alii
703 3063 827 3127 Graeci
864 3063 1013 3138 tradidit,
1050 3084 1090 3124 ea
1125 3060 1235 3145 potuit

73 3167 207 3232 Tacitus
231 3170 364 3232 haurire
390 3192 431 3232 ex
449 3170 498 3232 M.
517 3169 693 3255 Agrippae
718 3171 967 3255 chorographia
984 3170 1124 3254 aliisque
1141 3167 1233 3231 libris

75 3274 307 3352 Romanorum,
324 3278 380 3361 qui
397 3298 450 3339 res
475 3299 495 3338 a
519 3276 686 3340 Strabone
712 3290 924 3353 memoratas,
950 3290 985 3338 ut
999 3276 1082 3338 Vari
1100 3275 1232 3338 cladem

77 3393 98 3444 et
134 3380 328 3446 Germanici
363 3385 569 3468 triumphum
600 3383 678 3465 (VH
714 3387 809 3464 291),
849 3385 961 3461 ,iustis
987 3382 1228 3445 i·oluminibus“

79 3502 293 3572 =xposuerant
317 3490 417 3572 (Vell.
443 3491 518 3554 Pat.
544 3490 582 3555 ll.
612 3493 708 3575 119);
734 3513 842 3576 neque
860 3492 1045 3576 quidquam
1071 3491 1103 3552 in
1122 3490 1234 3552 Taciti

81 3594 178 3659 ibello
203 3597 380 3674 invenitur,
417 3599 509 3683 quod
542 3622 584 3661 ex
620 3598 796 3662 Strabonis
828 3600 1054 3683 descriptione
1079 3598 1234 3660 haustum

84 3724 139 3766 sse
169 3706 422 3788 comparatione
456 3706 564 3796 alioue
589 3719 789 3791 argumento
814 3704 1062 3788 comprobetur.
1110 3704 1234 3766 Tacito

88 3831 132 3873 on
155 3810 303 3894 probari,
328 3813 420 3897 quod
445 3812 568 3876 Graeci
594 3812 839 3876 Germanorum
865 3813 1003 3874 virtutes
1022 3810 1234 3896 ignorabant,

86 3940 108 3979 x
143 3918 235 3980 hisce
271 3931 414 4003 apparet
450 3919 586 4001 (Annal.
622 3920 652 3981 Π
688 3921 761 4001 88):
801 3919 1030 3998 ,Graecorum
1060 3915 1235 3982 annalibus

88 4036 201 4110 ‚motus
226 4023 436 4108 (Arminius),
462 4027 517 4111 qui
543 4049 603 4090 sua
628 4039 757 4089 tantum
782 4028 973 4089 mirantur.“
1017 4023 1235 4088 Ablrorrebat

156 4237 164 4266 ¹
183 4240 284 4289 Pauor.
303 4242 346 4301 26,
365 4257 391 4304 p.
414 4243 561 4292 129-130.
