2978 4988
655 339 878 403 ..27-

177 535 228 600 rei
258 535 408 598 militaris
432 533 692 598 studiosissimos
718 556 790 598 esse
815 534 1004 598 Germanos
1028 533 1294 597 demonstravit¹
1318 542 1351 595 et

178 644 212 708 in
249 644 313 706 hac
353 664 388 706 re
429 640 586 705 Caesaris
622 641 725 705 verba
761 642 1005 727 comprobavit,
1030 663 1177 727 pergens
1208 643 1250 722 (e.
1279 643 1349 723 15):

179 751 360 836 „quotiens
384 749 471 812 bella
496 771 563 812 non
587 749 713 826 ineunt,
745 772 812 815 non
845 750 996 826 multum,
1029 750 1136 834 inquit
1167 748 1350 812 Caesarem

180 859 371 944 corrigens,
396 855 574 920 venatibus
603 856 811 943 transigunt,
836 879 902 920 non
935 857 1105 920 cotidiana
1135 857 1221 918 haec
1254 877 1351 918 exer-

182 965 296 1028 :itatio
336 977 397 1038 est,
437 985 548 1048 neque
584 962 691 1026 labori
726 964 872 1044 student,
913 965 1012 1027 immo
1051 963 1126 1047 plus
1161 984 1223 1046 per
1247 962 1350 1024 otium

183 1073 380 1156 transigunt,
421 1072 528 1135 dediti
567 1093 685 1135 somno
721 1070 865 1157 ciboque
902 1072 959 1154 (ci.
993 1093 1022 1135 c.
1048 1072 1114 1152 22),
1150 1071 1350 1133 fortissimus

185 1180 321 1266 quisque
346 1191 379 1241 et
405 1177 677 1242 bellicosissimus
705 1179 786 1241 nihil
809 1201 914 1265 agens
939 1183 1038 1242 cett.“
1066 1177 1233 1242 Uberiore
1265 1177 1352 1239 iner-

187 1287 244 1349 :iae
270 1285 497 1370 descriptione
523 1286 683 1349 iudicium
707 1308 803 1349 suurn
828 1287 979 1362 illustrat,
1012 1286 1104 1370 quod
1134 1286 1350 1348 confirmatur

189 1395 226 1470 ἰε,
252 1415 340 1478 quae
364 1393 407 1456 de
432 1414 612 1477 corporum
635 1392 753 1456 habitu
777 1395 861 1458 dixit
886 1396 928 1476 (c.
954 1396 1006 1476 4):
1044 1414 1187 1479 ,magna
1211 1392 1348 1476 quidem

191 1522 251 1563 :sse
277 1521 431 1585 corpora,
456 1500 516 1562 sed
542 1513 672 1564 tantum
696 1502 740 1564 ad
765 1503 926 1585 impetum
951 1501 1073 1576 valida,
1096 1498 1220 1564 laboris
1244 1511 1347 1585 atque

192 1629 321 1693 »perum
345 1629 411 1670 non
436 1608 578 1670 eandem
596 1630 669 1671 esse
690 1609 917 1693 patientiam.“

265 1741 390 1805 Nullas
425 1743 674 1807 Germanorum
705 1746 800 1808 urbes
832 1745 977 1809 habitari
1008 1746 1088 1808 satis
1125 1755 1240 1805 notum
1273 1762 1346 1804 esse

195 1849 319 1913 Tacitus
344 1850 425 1914 dicit
449 1872 475 1914 c.
493 1852 544 1914 [ό.
561 1852 623 1915 His
640 1853 753 1916 Taciti
769 1853 881 1917 verbis
898 1876 963 1916 non
982 1863 1172 1937 repugnant
1190 1872 1240 1925 ea,
1258 1869 1346 1934 quae

196 1959 305 2021 laesar
328 1959 441 2036 tradit,
467 1981 543 2023 curn
567 1960 706 2023 urbibus
730 1984 797 2024 non
822 1960 1092 2025 commemoratis
1112 1958 1152 2022 B.
1175 1956 1217 2020 G.
1241 1955 1290 2018 IV
1306 1959 1344 2020 19

200 2087 218 2127 e
243 2066 367 2151 seipse
385 2066 493 2130 dicat:
514 2069 565 2146 „in
582 2066 703 2131 finibus
720 2068 987 2154 Sugambrorum
1004 2079 1169 2130 moratum
1191 2063 1345 2127 omnibus

198 2172 256 2235 icis
279 2173 508 2258 aedificiisque
532 2176 675 2238 incensis
699 2198 735 2239 se
752 2177 952 2260 recepisse.“
988 2175 1093 2251 Quod
1117 2185 1230 2235 autem
1254 2171 1343 2233 idern

200 2278 234 2342 V.
263 2282 301 2344 19
320 2280 408 2344 dicit
436 2281 586 2360 ,Suebos
611 2284 744 2346 nuntios
769 2284 801 2344 in
826 2305 942 2346 omnes
965 2295 1080 2366 partes
1097 2280 1272 2353 dimisisse,
1297 2279 1344 2340 uti

201 2407 218 2448 e
259 2387 393 2471 oppidis
432 2388 680 2474 demigrarent“
723 2403 756 2453 et
796 2388 845 2454 Vl
889 2394 945 2453 10:
994 2387 1110 2466 ,Ubiis
1141 2388 1284 2470 imperat
1309 2397 1344 2446 ut

202 2514 301 2556 ecora
324 2495 505 2572 deducant,
530 2518 658 2580 suaque
684 2498 795 2560 omnia
820 2519 862 2560 ex
886 2497 977 2581 agris
1001 2496 1033 2558 in
1068 2495 1195 2580 oppida
1226 2493 1345 2557 confe-

204 2605 282 2678 mt“,
306 2602 392 2666 haec
417 2604 543 2687 oppida
583 2605 660 2667 nihil
700 2605 791 2668 aliud
830 2606 892 2666 nisi
931 2604 1006 2667 loca
1041 2601 1343 2679 munita,'castella

205 2708 278 2771 risse
303 2709 408 2793 patet,
432 2711 544 2796 qualia
569 2711 710 2774 Tacitus
734 2712 806 2796 ipse
839 2724 1081 2775 commemorat
1115 2709 1203 2773 Ann.
1236 2708 1249 2770 l
1281 2713 1340 2773 56:

206 2835 368 2878 ncensum
393 2830 443 2880 est
459 2816 620 2880 Mattium
643 2819 753 2903 gentis
779 2820 901 2904 caput“
921 2831 954 2882 et
972 2818 1001 2881 ll
1020 2824 1079 2883 62:
1117 2816 1341 2898 „Marobodui

208 2923 301 3008 giam
325 2924 566 3010 castellumque
591 2926 685 2988 iuxta
709 2927 838 2989 situm.“

262 3055 361 3131 Quae
400 3058 496 3122 addit
520 3059 679 3123 Tacitus:
719 3060 852 3138 ,colunt
888 3061 1024 3123 discreti
1059 3080 1100 3122 ac
1135 3058 1269 3133 diversi,
1305 3068 1342 3119 ut

210 3183 258 3239 ns,
283 3175 320 3225 ut
345 3184 494 3249 campuS,
519 3178 556 3228 ut
580 3188 697 3229 nemus
720 3167 879 3251 placuit“,
912 3167 1031 3230 similia
1061 3176 1138 3228 sunt
1170 3165 1220 3240 iis,
1254 3184 1341 3248 quae

212 3289 301 3332 tesar
324 3270 427 3334 tradit
450 3270 490 3335 B.
516 3271 558 3335 G.
571 3272 621 3335 Vl
647 3278 706 3338 30:
739 3273 862 3357 „(Galli
878 3275 910 3336 in
928 3274 1103 3338 domiciliis
1121 3271 1340 3353 collocandis)

214 3376 299 3439 :andi
333 3389 446 3440 aestus
483 3400 585 3442 causa
617 3380 818 3467 ‘plerumque
854 3382 1012 3444 silvarum
1040 3393 1142 3465 atque
1167 3378 1339 3440 fluminum

215 3492 290 3544 tunt
313 3485 613 3570 propinquitates.“
663 3486 732 3551 Sed
756 3488 898 3552 Tacitus
922 3489 1013 3552 haud
1037 3486 1138 3550 dubie
1156 3498 1248 3548 ratus
1273 3506 1338 3547 non

216 3609 255 3665 se,
295 3611 355 3653 cur
390 3592 422 3654 in
456 3595 552 3657 terris
584 3594 646 3657 illis
679 3594 998 3678 septentrionalibus
1028 3606 1157 3657 aestum
1183 3594 1339 3668 vitarent,

218 3716 246 3756 m
265 3695 522 3774 ,subterraneos
538 3722 659 3785 specus
676 3703 807 3785 aperire
825 3702 971 3765 solerent
987 3702 1173 3786 suffugium
1188 3700 1338 3776 hiemis“,

219 3823 242 3864 a
265 3802 414 3867 locorum
438 3809 643 3872 amoenitate
673 3811 744 3891 („ut
768 3809 931 3894 placuit“)
965 3821 1151 3873 commotos
1184 3807 1338 3871 aedificia

222 3920 315 3973 creta
338 3911 505 3990 collocare
530 3914 620 3978 dicit.

221 4054 379 4064 -ᾕ

259 4121 267 4150 ¹
288 4124 333 4188 ,Si
353 4128 452 4176 civitas
471 4129 556 4193 longa
575 4146 644 4193 pace
669 4136 790 4195 torpeat,
813 4138 913 4195 petunt
938 4135 1010 4183 ultro
1039 4148 1086 4182 eas
1110 4134 1245 4192 nationeS,
1266 4144 1336 4193 quae

222 4212 352 4263 ibellum
371 4216 484 4280 aliquod
503 4221 619 4283 gerunt“
642 4237 665 4270 c.
688 4224 727 4270 14.
