2978 4988
676 346 898 409 -23-

184 551 327 626 tusque
352 539 516 617 edere,
491 562 518 604 sr
544 562 689 627 quares
714 562 781 604 non
805 540 850 605 ad
873 554 990 604 nutum
1015 553 1073 605 aut
1097 540 1141 605 ad
1165 542 1372 606 voluntatem

182 638 278 737 :eius
303 649 396 712 facta
420 649 492 712 sit.“
542 648 655 713 Taciti
692 648 901 734 temporibus
936 670 1073 733 prorsus
1109 649 1243 713 diverso
1271 649 1373 714 modo

183 754 314 821 {duces
338 778 476 820 munere
500 757 637 820 functos
661 778 746 833 esse,
771 758 798 820 is
822 756 958 820 uberius
982 757 1121 841 exponit
1138 759 1181 840 (c
1200 759 1245 842 7).
1200 757 1375 822 ‘lTam-

183 842 348 929 'diut
289 876 348 927 aut
350 885 402 926 em
428 875 553 927 ettam
582 886 684 948 saepe
709 864 857 927 Romani
890 886 966 929 curn
990 863 1170 928 Germanis
1202 865 1375 950 congressi

209 983 317 1047 erant,
340 982 378 1034 ut
401 993 467 1034 non
491 993 572 1034 vera
596 971 731 1035 tradere
755 972 913 1035 Tacitum
945 973 1138 1035 existimare
1171 994 1238 1035 non
1268 973 1377 1057 possi-

208 1102 294 1156 mus,
318 1079 388 1143 sive
413 1079 555 1144 Caesari
578 1081 665 1144 falsa
689 1081 841 1154 nuntiata
865 1092 971 1156 erant,
1005 1081 1074 1143 sive
1110 1079 1187 1143 inde
1223 1078 1266 1142 ab
1291 1080 1376 1143 illius

187 1168 316 1273 'usque
339 1186 384 1250 ad
408 1187 521 1251 Taciti
545 1199 692 1251 aetatem
716 1209 769 1251 res
792 1198 942 1250 mutatae
967 1199 1073 1250 erant.

298 1294 419 1380 Itaque
444 1315 520 1358 cum
544 1294 685 1358 Tacitus
710 1293 867 1358 Caesaris
891 1295 1151 1358 commentarios
1182 1294 1313 1357 noverit
1343 1305 1377 1357 et
1473 1299 1474 1302 ’

206 1403 240 1464 in
266 1423 362 1465 suum
386 1403 602 1479 converterit,
627 1423 778 1488 eaquae
803 1424 823 1465 a
848 1401 997 1466 Caesare
1028 1423 1094 1464 non
1127 1412 1219 1464 recte
1252 1401 1377 1464 tradita

206 1530 281 1573 esse
306 1506 455 1586 videbat,
480 1509 560 1572 data
584 1531 689 1594 opera
722 1510 889 1572 refutasse
924 1521 956 1572 et
987 1509 1174 1573 correxisse
1206 1508 1377 1593 putandus

211 1629 273 1680 est.
320 1615 397 1680 Hoc
430 1617 532 1703 igitur
567 1617 643 1680 loco
679 1620 721 1700 (c.
760 1619 802 1700 ἵ.)
834 1616 1022 1681 Caesarem
1058 1616 1240 1701 respiciens
1276 1615 1377 1678 dicit:

205 1723 312 1808 Apud
335 1722 525 1788 Germanos
548 1746 647 1811 reges
671 1725 738 1808 (vel
761 1725 932 1809 principes
956 1724 1113 1806 civitatis)
1138 1744 1211 1786 esse
1229 1722 1376 1809 quidem,

207 1852 319 1915 neque
358 1852 439 1894 vero
474 1831 637 1894 infinitam
672 1844 730 1895 aut
766 1831 905 1896 liberam
940 1842 1146 1915 potestatem
1170 1831 1208 1893 iis
1234 1851 1318 1905 esse,
1344 1840 1378 1892 et

205 1938 312 2001 duces
348 1936 510 2001 bellorum
544 1939 700 2023 exemplo
735 1939 857 2024 potius,
894 1960 995 2024 quam
1027 1937 1168 2021 imperio
1198 1958 1377 2021 praeesse;

205 2066 318 2129 neque
343 2045 622 2122 animadvertere,
648 2068 758 2133 neque
790 2047 926 2123 vincire,
958 2067 1000 2108 ne
1032 2043 1212 2108 verberare
1242 2043 1378 2129 quidem

205 2152 406 2237 permissum
431 2175 515 2216 esse.

298 2258 456 2323 Correxit
490 2260 631 2323 Tacitus
665 2260 848 2324 Caesarem
883 2261 916 2323 in
956 2261 994 2323 iis
1029 2281 1175 2344 quoque,
1209 2280 1296 2345 quae
1338 2258 1378 2321 de

205 2366 343 2429 deorum
366 2367 456 2429 cultu
479 2367 763 2451 sacerdotibusque
786 2368 896 2431 tradit.

336 2489 505 2555 Caesar
528 2490 567 2555 B.
592 2490 634 2555 G.

253 2596 304 2661 VI
352 2602 401 2662 lt.
459 2597 571 2661 Deum
619 2599 763 2662 maxime

204 2704 413 2768 Mercurium
461 2706 576 2769 colunt
625 2705 763 2789 (Galli);

205 2813 305 2875 huius
323 2825 400 2875 sunt
414 2813 558 2897 plurima
575 2813 763 2877 simulacra.

207 2923 262 2984 21.
286 2917 447 2982 Germani
471 2918 611 2982 multum
634 2920 677 2983 ab
699 2922 764 2984 hac

208 3026 765 3110 consuetudine(Gallorum)diffe-

210 3146 293 3197 runt.
350 3131 441 3198 Nam
477 3157 588 3220 neque
627 3135 763 3198 druides

211 3239 347 3318 nabent,
393 3242 451 3326 qui
496 3241 596 3305 rebus
643 3242 763 3304 divinis

213 3349 377 3433 praesint,
429 3371 538 3434 neque
592 3349 763 3412 sacrificiis

214 3454 352 3519 ttudent.
382 3455 531 3519 Deorum
546 3477 685 3519 numero
706 3477 763 3518 eos

216 3562 295 3624 „olos
327 3561 466 3639 ducunt,
501 3584 586 3649 quos
622 3574 763 3625 cernunt

217 3681 236 3732 :t
263 3689 405 3754 quorum
428 3682 546 3754 aperte
571 3667 692 3753 opibus
716 3670 764 3730 iu-

218 3787 335 3851 'antur‚
359 3774 472 3839 Solem
506 3787 540 3839 et
569 3776 761 3840 Vulcanum

221 3893 237 3945 t
259 3879 409 3957 Lunam;
434 3883 580 3969 reliquos
604 3904 645 3945 ne
670 3883 762 3944 tama

220 3988 342 4075 >uidem
364 4000 582 4074 acceperunt.
648 4016 651 4021 ·

999 2490 1193 2553 Tacstus

865 2603 894 2662 9.
927 2598 1076 2660 Deorum
1109 2597 1254 2660 maxime
1285 2595 1379 2659 Mer-

820 2706 949 2768 curium
999 2704 1125 2780 colunt,
1157 2704 1231 2788 ¹cui
1277 2705 1377 2767 certis

819 2811 939 2875 diebus
967 2812 1121 2874 humanis
1152 2832 1287 2896 quoque
1319 2810 1379 2874 ho-

818 2920 889 2982 stiis
897 2919 991 2981 litare
1008 2918 1061 2981 ias
1075 2917 1212 2982 habent.
1229 2917 1378 2982 Martem

818 3037 852 3089 et
886 3025 1068 3089 Herculem
1100 3027 1269 3089 concessis
1307 3028 1378 3089 ani-

818 3134 960 3197 malibus
1002 3133 1150 3219 placant.
1217 3131 1301 3196 Pars
1343 3146 1377 3198 et

818 3241 896 3304 Isidi
919 3241 1088 3304 sacrificat
1113 3288 1253 3304 .....
1276 3238 1378 3304 Cete-

818 3370 891 3410 rum
915 3368 978 3410 nec
1009 3346 1168 3410 cohibere
1191 3345 1376 3431 parietibus

818 3455 901 3518 deos
925 3476 1035 3538 neque
1061 3455 1093 3517 in
1119 3453 1220 3516 ullam
1240 3455 1376 3516 humani

818 3562 884 3625 oris
917 3563 1066 3646 speciem
1097 3560 1291 3624 assimulare
1333 3583 1376 3623 ex

818 3669 1051 3754 magnitudine
1069 3668 1264 3732 caelestium
1288 3667 1377 3730 arbi-

817 3788 961 3850 trantur3
975 3776 1068 3839 lucos
1084 3797 1125 3839 ac
1141 3796 1280 3838 nemora
1297 3795 1377 3838 con-

817 3895 962 3946 secrant.

294 4112 502 4199 Respexisse
527 4115 687 4179 Tacitum
711 4113 870 4178 Caesaris
895 4112 999 4177 verba
1023 4114 1191 4178 indicatur
1207 4135 1259 4190 e0,
1283 4112 1376 4199 quod

245 4221 428 4288 Germanis
453 4222 607 4299 eundem,
633 4244 734 4308 quem
758 4220 888 4285 Caesar
911 4242 931 4283 a
956 4219 1062 4284 Gallis
1096 4222 1197 4284 deum
1231 4220 1375 4283 maxime
