2978 4988
545 367 746 430 -5-

147 562 199 628 Ita
223 573 338 627 autem
371 584 442 625 rem
474 562 695 638 instituemus,
728 573 765 623 ut
788 582 876 646 quae
901 559 1012 627 adhuc
1036 559 1079 625 de
1103 559 1168 623 hac
1192 581 1228 622 re

57 673 234 757 disputata
258 682 335 733 sunt
358 692 378 732 a
395 670 473 732 viris
490 670 600 733 doctis
620 670 683 751 (his
701 670 838 755 triginta
855 669 974 750 annis),
992 689 1052 730 suo
1069 667 1228 752 quodque

18 794 23 867 ξ
56 780 133 843 loco
168 778 357 842 referentes
393 789 427 839 et
457 777 689 840 examinantes
724 776 868 860 primum
901 773 1022 860 quibus
1058 797 1100 837 ex
1136 772 1228 836 libris

25 886 29 891 ’
57 886 217 962 hauserit,
242 897 313 947 tum
337 883 459 969 quibus
483 884 555 946 aliis
578 881 730 947 fontibus
753 897 889 967 praeter
915 880 1016 945 libros
1039 903 1119 944 usus
1143 902 1227 956 esse,

23 1026 31 1075 ;¹
56 993 203 1077 denique
235 1013 313 1054 num
345 992 416 1075 ipse
441 991 474 1053 in
498 989 681 1054 Germania
705 991 808 1052 fuisse
834 990 998 1064 videatur,
1016 1009 1227 1074 quaeramus.

23 1076 31 1195 l

146 1169 202 1235 Ac
225 1170 427 1254 scriptorum
461 1169 608 1254 quidem,
639 1181 677 1231 ut
708 1169 774 1231 iam
804 1169 948 1253 primam
980 1179 1113 1252 partem
1137 1186 1229 1229 com-

58 1278 274 1342 mentationis
290 1277 541 1362 aggrediamur,
564 1276 706 1338 Tacitus
728 1275 767 1339 C.
787 1274 903 1339 lulium
921 1274 1103 1339 Caesarem
1120 1274 1228 1336 solum

27 1387 209 1451 ‚nominat
242 1386 283 1467 (c.
308 1386 363 1466 28)
395 1396 579 1447 auctorem.
634 1381 704 1446 Sed
737 1395 870 1445 veteres
903 1386 1013 1444 rerum
1045 1381 1228 1465 scriptores
1299 1366 1300 1371 ἵ

27 1464 283 1577 ἷ’Τειεὶῖιιῐηφιε
310 1493 418 1576 ipsum
442 1512 484 1553 ex
509 1490 580 1553 aliis
597 1488 827 1574 scriptoribus,
853 1489 909 1573 qui
926 1483 1025 1551 antea
1043 1489 1085 1551 de
1109 1488 1228 1551 iisdem

57 1598 160 1663 rebus
191 1599 406 1683 scripserant,
439 1619 504 1660 non
537 1598 644 1661 solum
676 1619 739 1673 res,
771 1595 831 1660 sed
863 1617 965 1679 saepe
997 1597 1099 1658 etiarn
1123 1594 1227 1658 verba

43 1716 250 1769 ,mutuantes
274 1727 340 1769 non
357 1726 473 1769 omnes
490 1717 646 1768 auctores
670 1726 748 1767 suos
765 1704 988 1767 nominavisse
1013 1703 1093 1765 satis
1111 1715 1227 1765 notum

57 1826 109 1876 est
123 1816 143 1875 ¹.
180 1798 479 1876 Tacitum'autem
503 1834 569 1875 non
594 1833 635 1874 ex
661 1811 818 1876 Caesaris
842 1811 948 1885 unius,
973 1810 1159 1874 sedetiam
1184 1832 1226 1874 ex

55 1920 208 1996 aliorum,
225 1920 281 2004 qui
298 1932 376 1982 ante
394 1941 471 1982 eum
487 1920 530 1982 de
547 1918 725 1982 Germanis
741 1919 956 2001 scripserant,
969 1916 1060 1980 libris
1077 1918 1227 1981 hausisse

56 2047 133 2090 cum
158 2047 220 2111 per
243 2047 279 2089 se
316 2038 580 2089 consentaneum
605 2038 666 2102 est,
702 2038 773 2088 tum
806 2024 971 2088 nonnullis
1007 2024 1090 2087 locis
1125 2023 1227 2088 libelli

56 2134 233 2210 indicatur,
257 2145 293 2196 ut
318 2132 429 2196 verbis
454 2134 496 2215 (c.
517 2135 565 2214 ll:
595 2155 722 2216 „nuper
738 2133 882 2218 cognitis
898 2130 1102 2216 quibusdam
1117 2133 1227 2217 genti-

55 2239 119 2304 bus
152 2260 194 2303 ac
219 2239 366 2326 regibus,
399 2261 483 2324 quos
517 2240 640 2303 bellum
673 2241 823 2325 aperuit“
858 2242 1080 2304 admonemur
1109 2239 1152 2302 de
1177 2239 1226 2316 iis,

54 2346 113 2432 qui
148 2346 236 2410 bella
273 2367 348 2409 cum
381 2347 559 2410 Germanis
594 2358 691 2432 gesta
721 2347 990 2432 descripserant3
1026 2369 1068 2410 ex
1104 2345 1225 2431 quibus

33 2453 199 2535 ⁸Tacitus
233 2453 304 2538 ipse
329 2452 453 2516 Annal.
479 2453 492 2515 l
517 2459 557 2518 69
591 2455 742 2517 nominat
766 2453 805 2518 C.
831 2455 985 2530 Plinium,
1010 2466 1088 2517 ante
1124 2475 1225 2539 quem

56 2559 213 2623 Aufidius
237 2559 363 2623 Bassus
388 2560 510 2645 aliique
535 2559 623 2623 bella
648 2562 701 2624 illa
727 2563 987 2646 descripserant.
1024 2560 1225 2645 Complures

54 2667 192 2751 respicit
215 2680 372 2731 auctores
396 2668 508 2732 verbis
533 2671 575 2751 (c.
601 2671 653 2751 2):
690 2670 846 2755 „quidam
870 2669 1069 2745 affirmant“,
1101 2670 1143 2750 (c.
1169 2670 1224 2749 46)

56 2774 214 2858 „quidam
228 2780 383 2838 vocant“.
409 2775 689 2839 Luculentissime
707 2789 820 2839 autem
833 2777 945 2840 Taciti
963 2777 1225 2861 descriptionem

52 2883 284 2966 comparando
316 2903 391 2945 cum
417 2884 557 2945 aliorum
581 2885 642 2945 hos
676 2883 767 2945 illum
791 2897 948 2947 auctores
972 2895 1124 2947 secutum
1149 2905 1223 2946 esse

53 2987 304 3072 comprobatur.
353 2990 469 3075 ltaque
502 3012 571 3065 eos
605 2991 661 3075 qui
693 3003 771 3054 ante
795 2991 954 3053 Tacitum
977 2991 1020 3054 de
1045 2989 1223 3054 Germanis

54 3096 274 3179 scripserant,
291 3096 453 3181 deinceps
470 3109 687 3160 recensentes
704 3109 867 3182 quantum
892 3111 1009 3183 etqua
1027 3099 1155 3160 ratione
1180 3119 1222 3161 ex

52 3200 116 3264 illis
139 3203 290 3265 hausisse
314 3203 479 3280 videatur,
504 3205 720 3289 inquiramus.

143 3307 258 3394 Atque
283 3310 326 3373 de
344 3310 493 3374 Caesare
518 3312 655 3396 quidem
680 3311 764 3375 infra
788 3311 923 3375 uberius
948 3313 1129 3376 dicendum
1154 3325 1221 3377 est:

51 3436 141 3478 nunc
166 3437 247 3479 vero
281 3417 403 3480 omisso
432 3416 587 3480 Cornelii>
611 3416 755 3504 Nepote,
790 3440 891 3503 quem
922 3420 954 3482 in
982 3420 1222 3504 geographicis

52 3520 95 3585 de
120 3521 303 3586 Germania
336 3526 445 3609 egisse
478 3526 615 3610 quidem
644 3548 687 3588 ex
720 3527 943 3612 fragmentis‘2
975 3538 1130 3611 apparet,
1161 3528 1222 3591 sed

51 3629 147 3692 cuius
171 3628 340 3693 scribendi
364 3632 451 3695 ratio
476 3630 519 3695 ab
544 3633 657 3695 Taciti
682 3655 819 3718 prorsus
844 3631 1013 3710 abhorret,
1038 3655 1148 3718 pauca
1172 3635 1223 3698 di-

51 3755 167 3799 camus
193 3736 235 3799 de
269 3735 306 3800 C.
331 3735 491 3801 Sallustio
519 3738 649 3825 Crispa.

141 3842 261 3916 Huius,
285 3866 387 3929 quem
411 3847 506 3930 ipse3
533 3868 662 3926 ,rerum
687 3847 920 3910 Romanarum
950 3847 1222 3912 florentissimum

143 3984 151 4012 ¹
178 3985 221 4037 Cf.
246 3989 361 4037 Nissen:
387 3989 488 4038 Rhein.
508 3990 580 4039 Mus.
605 3991 700 4039 XXVI
723 4006 750 4053 p.
771 3991 822 4040 500
848 4006 888 4055 sq.
926 3993 1127 4042 Wiedemann:
1154 3995 1222 4044 For·

50 4075 197 4140 schungen
216 4091 265 4124 zur
285 4078 440 4126 deutschen
460 4078 632 4129 Geschichte
651 4081 691 4129 IV
714 4081 781 4130 1864
800 4096 826 4143 p.
850 4083 907 4132 187.

142 4161 283 4231 ²Fmgm.
304 4168 347 4216 52.
368 4169 401 4216 59
421 4167 476 4232 (ed.
496 4169 593 4233 Roth).

142 4249 271 4304 ³Anna1.
290 4256 331 4305 111
350 4257 392 4308 30.
