<?xml version="1.0" encoding="UTF-8"?>
<!DOCTYPE html PUBLIC "-//W3C//DTD XHTML 1.0 Transitional//EN"
    "http://www.w3.org/TR/xhtml1/DTD/xhtml1-transitional.dtd">
<html xmlns="http://www.w3.org/1999/xhtml" xml:lang="en" lang="en">
 <head>
  <title>
</title>
<meta http-equiv="Content-Type" content="text/html;charset=utf-8" />
  <meta name='ocr-system' content='tesseract 3.04.00' />
  <meta name='ocr-capabilities' content='ocr_page ocr_carea ocr_par ocr_line ocrx_word'/>
</head>
<body>
  <div class='ocr_page' id='page_1' title='image "./degermaniaequae00lcgoog_0022.png"; bbox 0 0 2978 4988; ppageno 0'>
   <div class='ocr_carea' id='block_1_1' title="bbox 627 382 849 444">
    <p class='ocr_par' dir='ltr' id='par_1_1' title="bbox 627 382 849 444">
     <span class='ocr_line' id='line_1_1' title="bbox 627 382 849 444; baseline 0 -19"><span class='ocrx_word' id='word_1_1' title='bbox 627 382 849 444; x_wconf 73' lang='lat'>..13-</span> 
     </span>
    </p>
   </div>
   <div class='ocr_carea' id='block_1_2' title="bbox 152 554 1371 2342">
    <p class='ocr_par' dir='ltr' id='par_1_2' title="bbox 152 554 1330 1935">
     <span class='ocr_line' id='line_1_2' title="bbox 156 554 1329 643; baseline 0.003 -25"><span class='ocrx_word' id='word_1_2' title='bbox 156 557 322 643; x_wconf 90' lang='lat' dir='ltr'>ignorata,</span> <span class='ocrx_word' id='word_1_3' title='bbox 362 556 498 641; x_wconf 87' lang='lat' dir='ltr'>collegit</span> <span class='ocrx_word' id='word_1_4' title='bbox 537 578 579 618; x_wconf 83' lang='lat' dir='ltr'>ex</span> <span class='ocrx_word' id='word_1_5' title='bbox 618 554 856 640; x_wconf 87' lang='lat' dir='ltr'>multiplicibus</span> <span class='ocrx_word' id='word_1_6' title='bbox 894 555 1043 632; x_wconf 79' lang='lat' dir='ltr'>libris‚“1</span> <span class='ocrx_word' id='word_1_7' title='bbox 1081 559 1127 620; x_wconf 88' lang='lat' dir='ltr'>ita</span> <span class='ocrx_word' id='word_1_8' title='bbox 1167 579 1261 642; x_wconf 90' lang='lat' dir='ltr'>quae</span> <span class='ocrx_word' id='word_1_9' title='bbox 1292 560 1329 623; x_wconf 88' lang='lat' dir='ltr'>de</span> 
     </span>
     <span class='ocr_line' id='line_1_3' title="bbox 156 660 1330 748; baseline 0.003 -22"><span class='ocrx_word' id='word_1_10' title='bbox 156 661 403 727; x_wconf 90' lang='lat' dir='ltr'>Germanorum</span> <span class='ocrx_word' id='word_1_11' title='bbox 429 662 557 748; x_wconf 91' lang='lat' dir='ltr'>origine</span> <span class='ocrx_word' id='word_1_12' title='bbox 581 660 790 738; x_wconf 70' lang='lat' dir='ltr'>ferebantur,</span> <span class='ocrx_word' id='word_1_13' title='bbox 810 661 1009 748; x_wconf 87' lang='lat' dir='ltr'>collegerat.</span> <span class='ocrx_word' id='word_1_14' title='bbox 1042 663 1130 725; x_wconf 87' lang='lat' dir='ltr'>Eum</span> <span class='ocrx_word' id='word_1_15' title='bbox 1154 663 1330 729; x_wconf 89' lang='lat' dir='ltr'>Graecum</span> 
     </span>
     <span class='ocr_line' id='line_1_4' title="bbox 156 767 1330 847; baseline 0.002 -13"><span class='ocrx_word' id='word_1_16' title='bbox 156 771 270 847; x_wconf 77' lang='lat' dir='ltr'>fuisse,</span> <span class='ocrx_word' id='word_1_17' title='bbox 308 791 383 833; x_wconf 93' lang='lat' dir='ltr'>cum</span> <span class='ocrx_word' id='word_1_18' title='bbox 419 769 584 832; x_wconf 88' lang='lat' dir='ltr'>Hercules</span> <span class='ocrx_word' id='word_1_19' title='bbox 618 780 652 832; x_wconf 92' lang='lat' dir='ltr'>et</span> <span class='ocrx_word' id='word_1_20' title='bbox 680 767 800 833; x_wconf 84' lang='lat' dir='ltr'>Ulixes</span> <span class='ocrx_word' id='word_1_21' title='bbox 836 769 946 833; x_wconf 90' lang='lat' dir='ltr'>adisse</span> <span class='ocrx_word' id='word_1_22' title='bbox 980 769 1183 834; x_wconf 82' lang='lat' dir='ltr'>Germaniae</span> <span class='ocrx_word' id='word_1_23' title='bbox 1222 784 1330 836; x_wconf 88' lang='lat' dir='ltr'>terras</span> 
     </span>
     <span class='ocr_line' id='line_1_5' title="bbox 155 876 1330 961; baseline 0.003 -21"><span class='ocrx_word' id='word_1_24' title='bbox 155 877 342 953; x_wconf 87' lang='lat' dir='ltr'>tradantur,</span> <span class='ocrx_word' id='word_1_25' title='bbox 382 889 474 940; x_wconf 90' lang='lat' dir='ltr'>recte</span> <span class='ocrx_word' id='word_1_26' title='bbox 511 876 706 952; x_wconf 79' lang='lat' dir='ltr'>conieceriS‚</span> <span class='ocrx_word' id='word_1_27' title='bbox 746 877 816 939; x_wconf 89' lang='lat' dir='ltr'>sive</span> <span class='ocrx_word' id='word_1_28' title='bbox 856 878 945 939; x_wconf 93' lang='lat' dir='ltr'>hunc</span> <span class='ocrx_word' id='word_1_29' title='bbox 981 877 1090 961; x_wconf 92' lang='lat' dir='ltr'>ipsum</span> <span class='ocrx_word' id='word_1_30' title='bbox 1114 877 1263 943; x_wconf 84' lang='lat' dir='ltr'>Tacitus</span> <span class='ocrx_word' id='word_1_31' title='bbox 1301 882 1330 942; x_wconf 93' lang='lat' dir='ltr'>in</span> 
     </span>
     <span class='ocr_line' id='line_1_6' title="bbox 155 982 1330 1075; baseline 0.005 -28"><span class='ocrx_word' id='word_1_32' title='bbox 155 983 309 1048; x_wconf 92' lang='lat' dir='ltr'>manibus</span> <span class='ocrx_word' id='word_1_33' title='bbox 343 982 471 1060; x_wconf 85' lang='lat' dir='ltr'>habuit,</span> <span class='ocrx_word' id='word_1_34' title='bbox 505 984 585 1061; x_wconf 91' lang='lat' dir='ltr'>sive,</span> <span class='ocrx_word' id='word_1_35' title='bbox 623 983 715 1068; x_wconf 93' lang='lat' dir='ltr'>quod</span> <span class='ocrx_word' id='word_1_36' title='bbox 748 984 826 1046; x_wconf 91' lang='lat' dir='ltr'>mihi</span> <span class='ocrx_word' id='word_1_37' title='bbox 864 985 971 1071; x_wconf 90' lang='lat' dir='ltr'>magis</span> <span class='ocrx_word' id='word_1_38' title='bbox 1006 984 1181 1070; x_wconf 89' lang='lat' dir='ltr'>probatur,</span> <span class='ocrx_word' id='word_1_39' title='bbox 1206 989 1330 1075; x_wconf 86' lang='lat' dir='ltr'>aliquis</span> 
     </span>
     <span class='ocr_line' id='line_1_7' title="bbox 155 1094 1329 1180; baseline 0.003 -22"><span class='ocrx_word' id='word_1_40' title='bbox 155 1094 387 1159; x_wconf 90' lang='lat' dir='ltr'>Romanorum</span> <span class='ocrx_word' id='word_1_41' title='bbox 411 1115 488 1157; x_wconf 90' lang='lat' dir='ltr'>eum</span> <span class='ocrx_word' id='word_1_42' title='bbox 512 1108 647 1158; x_wconf 91' lang='lat' dir='ltr'>secutus</span> <span class='ocrx_word' id='word_1_43' title='bbox 672 1108 754 1171; x_wconf 88' lang='lat' dir='ltr'>erat,</span> <span class='ocrx_word' id='word_1_44' title='bbox 780 1117 823 1158; x_wconf 87' lang='lat' dir='ltr'>ex</span> <span class='ocrx_word' id='word_1_45' title='bbox 848 1117 915 1180; x_wconf 92' lang='lat' dir='ltr'>quo</span> <span class='ocrx_word' id='word_1_46' title='bbox 948 1096 1090 1160; x_wconf 83' lang='lat' dir='ltr'>Tacitus</span> <span class='ocrx_word' id='word_1_47' title='bbox 1125 1098 1238 1161; x_wconf 88' lang='lat' dir='ltr'>hausit</span> <span class='ocrx_word' id='word_1_48' title='bbox 1271 1120 1329 1162; x_wconf 92' lang='lat' dir='ltr'>suo</span> 
     </span>
     <span class='ocr_line' id='line_1_8' title="bbox 154 1202 1329 1291; baseline 0.002 -25"><span class='ocrx_word' id='word_1_49' title='bbox 154 1203 278 1267; x_wconf 91' lang='lat' dir='ltr'>iudicio</span> <span class='ocrx_word' id='word_1_50' title='bbox 309 1203 524 1288; x_wconf 88' lang='lat' dir='ltr'>interposito:</span> <span class='ocrx_word' id='word_1_51' title='bbox 560 1202 769 1282; x_wconf 88' lang='lat' dir='ltr'>„Germanos</span> <span class='ocrx_word' id='word_1_52' title='bbox 800 1205 977 1290; x_wconf 89' lang='lat' dir='ltr'>indigenas</span> <span class='ocrx_word' id='word_1_53' title='bbox 1009 1206 1222 1283; x_wconf 88' lang='lat' dir='ltr'>crediderim,</span> <span class='ocrx_word' id='word_1_54' title='bbox 1250 1207 1329 1291; x_wconf 92' lang='lat' dir='ltr'>quia</span> 
     </span>
     <span class='ocr_line' id='line_1_9' title="bbox 155 1309 1329 1399; baseline 0.003 -25"><span class='ocrx_word' id='word_1_55' title='bbox 155 1323 219 1374; x_wconf 92' lang='lat' dir='ltr'>cet.</span> <span class='ocrx_word' id='word_1_56' title='bbox 246 1313 287 1392; x_wconf 88' lang='lat' dir='ltr'>(c.</span> <span class='ocrx_word' id='word_1_57' title='bbox 314 1313 366 1393; x_wconf 84' lang='lat'>2);</span> <span class='ocrx_word' id='word_1_58' title='bbox 393 1309 514 1389; x_wconf 88' lang='lat' dir='ltr'>„Quae</span> <span class='ocrx_word' id='word_1_59' title='bbox 539 1332 649 1395; x_wconf 90' lang='lat' dir='ltr'>neque</span> <span class='ocrx_word' id='word_1_60' title='bbox 674 1311 874 1374; x_wconf 87' lang='lat' dir='ltr'>confirmare</span> <span class='ocrx_word' id='word_1_61' title='bbox 898 1314 1106 1396; x_wconf 86' lang='lat' dir='ltr'>argumentis</span> <span class='ocrx_word' id='word_1_62' title='bbox 1131 1334 1243 1399; x_wconf 86' lang='lat' dir='ltr'>neque</span> <span class='ocrx_word' id='word_1_63' title='bbox 1278 1337 1329 1378; x_wconf 91' lang='lat' dir='ltr'>re-</span> 
     </span>
     <span class='ocr_line' id='line_1_10' title="bbox 153 1418 1327 1503; baseline 0.005 -22"><span class='ocrx_word' id='word_1_64' title='bbox 153 1418 270 1482; x_wconf 77' lang='lat' dir='ltr'>fellere</span> <span class='ocrx_word' id='word_1_65' title='bbox 288 1419 320 1480; x_wconf 90' lang='lat' dir='ltr'>in</span> <span class='ocrx_word' id='word_1_66' title='bbox 337 1419 448 1481; x_wconf 88' lang='lat' dir='ltr'>animo</span> <span class='ocrx_word' id='word_1_67' title='bbox 466 1424 546 1494; x_wconf 82' lang='lat' dir='ltr'>est,“</span> <span class='ocrx_word' id='word_1_68' title='bbox 567 1420 610 1501; x_wconf 84' lang='lat' dir='ltr'>(c.</span> <span class='ocrx_word' id='word_1_69' title='bbox 629 1420 679 1500; x_wconf 84' lang='lat'>3);</span> <span class='ocrx_word' id='word_1_70' title='bbox 706 1419 803 1503; x_wconf 87' lang='lat' dir='ltr'>„lpse</span> <span class='ocrx_word' id='word_1_71' title='bbox 821 1440 935 1481; x_wconf 91' lang='lat' dir='ltr'>eorum</span> <span class='ocrx_word' id='word_1_72' title='bbox 953 1419 1166 1502; x_wconf 88' lang='lat' dir='ltr'>opinionibus</span> <span class='ocrx_word' id='word_1_73' title='bbox 1183 1424 1327 1499; x_wconf 90' lang='lat' dir='ltr'>acced0‚</span> 
     </span>
     <span class='ocr_line' id='line_1_11' title="bbox 153 1525 1327 1613; baseline 0.004 -24"><span class='ocrx_word' id='word_1_74' title='bbox 153 1528 210 1613; x_wconf 94' lang='lat' dir='ltr'>qui</span> <span class='ocrx_word' id='word_1_75' title='bbox 234 1526 436 1589; x_wconf 87' lang='lat' dir='ltr'>Germaniae</span> <span class='ocrx_word' id='word_1_76' title='bbox 467 1526 612 1611; x_wconf 93' lang='lat' dir='ltr'>populos</span> <span class='ocrx_word' id='word_1_77' title='bbox 644 1525 741 1589; x_wconf 91' lang='lat' dir='ltr'>nullis</span> <span class='ocrx_word' id='word_1_78' title='bbox 773 1525 914 1588; x_wconf 88' lang='lat' dir='ltr'>aliarum</span> <span class='ocrx_word' id='word_1_79' title='bbox 945 1527 1117 1590; x_wconf 91' lang='lat' dir='ltr'>nationum</span> <span class='ocrx_word' id='word_1_80' title='bbox 1148 1531 1327 1594; x_wconf 90' lang='lat' dir='ltr'>connubiis</span> 
     </span>
     <span class='ocr_line' id='line_1_12' title="bbox 152 1633 1327 1722; baseline 0.005 -26"><span class='ocrx_word' id='word_1_81' title='bbox 152 1634 298 1696; x_wconf 77' lang='lat' dir='ltr'>inlectos</span> <span class='ocrx_word' id='word_1_82' title='bbox 321 1633 493 1717; x_wconf 89' lang='lat' dir='ltr'>propriam</span> <span class='ocrx_word' id='word_1_83' title='bbox 518 1644 551 1695; x_wconf 94' lang='lat' dir='ltr'>et</span> <span class='ocrx_word' id='word_1_84' title='bbox 574 1633 740 1695; x_wconf 88' lang='lat' dir='ltr'>sinceram</span> <span class='ocrx_word' id='word_1_85' title='bbox 756 1644 790 1695; x_wconf 90' lang='lat' dir='ltr'>et</span> <span class='ocrx_word' id='word_1_86' title='bbox 807 1643 937 1695; x_wconf 91' lang='lat' dir='ltr'>tantum</span> <span class='ocrx_word' id='word_1_87' title='bbox 961 1635 1011 1696; x_wconf 91' lang='lat' dir='ltr'>sui</span> <span class='ocrx_word' id='word_1_88' title='bbox 1028 1635 1168 1699; x_wconf 91' lang='lat' dir='ltr'>similem</span> <span class='ocrx_word' id='word_1_89' title='bbox 1185 1651 1327 1722; x_wconf 83' lang='lat' dir='ltr'>gentem</span> 
     </span>
     <span class='ocr_line' id='line_1_13' title="bbox 153 1738 1329 1830; baseline 0.004 -26"><span class='ocrx_word' id='word_1_90' title='bbox 153 1741 320 1804; x_wconf 85' lang='lat' dir='ltr'>exstitisse</span> <span class='ocrx_word' id='word_1_91' title='bbox 337 1739 559 1814; x_wconf 80' lang='lat' dir='ltr'>arbitrantur3</span> <span class='ocrx_word' id='word_1_92' title='bbox 584 1740 672 1803; x_wconf 89' lang='lat' dir='ltr'>unde</span> <span class='ocrx_word' id='word_1_93' title='bbox 689 1738 823 1804; x_wconf 87' lang='lat' dir='ltr'>habitus</span> <span class='ocrx_word' id='word_1_94' title='bbox 840 1762 975 1826; x_wconf 91' lang='lat' dir='ltr'>quoque</span> <span class='ocrx_word' id='word_1_95' title='bbox 999 1762 1189 1827; x_wconf 90' lang='lat' dir='ltr'>corporum,</span> <span class='ocrx_word' id='word_1_96' title='bbox 1208 1767 1329 1830; x_wconf 90' lang='lat' dir='ltr'>quam-</span> 
     </span>
     <span class='ocr_line' id='line_1_14' title="bbox 153 1848 1257 1935; baseline 0.006 -25"><span class='ocrx_word' id='word_1_97' title='bbox 153 1870 255 1933; x_wconf 91' lang='lat' dir='ltr'>quam</span> <span class='ocrx_word' id='word_1_98' title='bbox 278 1848 312 1910; x_wconf 92' lang='lat' dir='ltr'>in</span> <span class='ocrx_word' id='word_1_99' title='bbox 336 1859 430 1910; x_wconf 89' lang='lat' dir='ltr'>tanto</span> <span class='ocrx_word' id='word_1_100' title='bbox 456 1848 626 1909; x_wconf 90' lang='lat' dir='ltr'>hominum</span> <span class='ocrx_word' id='word_1_101' title='bbox 650 1869 800 1923; x_wconf 88' lang='lat' dir='ltr'>numero,</span> <span class='ocrx_word' id='word_1_102' title='bbox 826 1848 914 1911; x_wconf 90' lang='lat' dir='ltr'>idem</span> <span class='ocrx_word' id='word_1_103' title='bbox 940 1848 1113 1914; x_wconf 82' lang='lat' dir='ltr'>omnibus“</span> <span class='ocrx_word' id='word_1_104' title='bbox 1142 1854 1184 1933; x_wconf 86' lang='lat' dir='ltr'>(c.</span> <span class='ocrx_word' id='word_1_105' title='bbox 1212 1855 1257 1935; x_wconf 80' lang='lat'>4).</span> 
     </span>
    </p>

    <p class='ocr_par' dir='ltr' id='par_1_3' title="bbox 153 1953 1371 2342">
     <span class='ocr_line' id='line_1_15' title="bbox 240 1953 1327 2045; baseline 0.006 -27"><span class='ocrx_word' id='word_1_106' title='bbox 240 1956 294 2018; x_wconf 92' lang='lat' dir='ltr'>De</span> <span class='ocrx_word' id='word_1_107' title='bbox 318 1962 496 2041; x_wconf 78' lang='lat' dir='ltr'>corporum</span> <span class='ocrx_word' id='word_1_108' title='bbox 521 1953 635 2016; x_wconf 67' lang='lat' dir='ltr'>habim</span> <span class='ocrx_word' id='word_1_109' title='bbox 659 1975 747 2039; x_wconf 93' lang='lat' dir='ltr'>quae</span> <span class='ocrx_word' id='word_1_110' title='bbox 771 1954 913 2018; x_wconf 89' lang='lat' dir='ltr'>Tacitus</span> <span class='ocrx_word' id='word_1_111' title='bbox 946 1977 972 2019; x_wconf 87' lang='lat' dir='ltr'>c.</span> <span class='ocrx_word' id='word_1_112' title='bbox 1002 1977 1023 2038; x_wconf 61' lang='lat' dir='ltr'>a</span> <span class='ocrx_word' id='word_1_113' title='bbox 1055 1958 1147 2034; x_wconf 89' lang='lat' dir='ltr'>dicit,</span> <span class='ocrx_word' id='word_1_114' title='bbox 1171 1959 1327 2045; x_wconf 89' lang='lat' dir='ltr'>Koepke</span> 
     </span>
     <span class='ocr_line' id='line_1_16' title="bbox 153 2061 1371 2147; baseline 0.004 -20"><span class='ocrx_word' id='word_1_115' title='bbox 153 2064 286 2127; x_wconf 81' lang='lat' dir='ltr'>confert</span> <span class='ocrx_word' id='word_1_116' title='bbox 311 2083 388 2126; x_wconf 91' lang='lat' dir='ltr'>cum</span> <span class='ocrx_word' id='word_1_117' title='bbox 412 2061 569 2125; x_wconf 89' lang='lat' dir='ltr'>Caesaris</span> <span class='ocrx_word' id='word_1_118' title='bbox 594 2061 832 2145; x_wconf 91' lang='lat' dir='ltr'>descriptione,</span> <span class='ocrx_word' id='word_1_119' title='bbox 857 2083 945 2147; x_wconf 91' lang='lat' dir='ltr'>quae</span> <span class='ocrx_word' id='word_1_120' title='bbox 970 2077 1081 2127; x_wconf 86' lang='lat' dir='ltr'>exstat</span> <span class='ocrx_word' id='word_1_121' title='bbox 1106 2065 1144 2129; x_wconf 82' lang='grc' dir='ltr'>Β.</span> <span class='ocrx_word' id='word_1_122' title='bbox 1163 2065 1205 2129; x_wconf 93' lang='lat' dir='ltr'>G.</span> <span class='ocrx_word' id='word_1_123' title='bbox 1224 2067 1276 2130; x_wconf 76' lang='lat' dir='ltr'>lv</span> <span class='ocrx_word' id='word_1_124' title='bbox 1297 2074 1324 2132; x_wconf 87' lang='lat'>1.</span> <span class='ocrx_word' id='word_1_125' title='bbox 1369 2098 1371 2121; x_wconf 85' lang='lat'><em>=</em></span> 
     </span>
     <span class='ocr_line' id='line_1_17' title="bbox 153 2167 1325 2254; baseline 0.005 -20"><span class='ocrx_word' id='word_1_126' title='bbox 153 2170 325 2234; x_wconf 88' lang='lat' dir='ltr'>Addenda</span> <span class='ocrx_word' id='word_1_127' title='bbox 349 2181 436 2244; x_wconf 89' lang='lat' dir='ltr'>sunt,</span> <span class='ocrx_word' id='word_1_128' title='bbox 461 2190 548 2254; x_wconf 88' lang='lat' dir='ltr'>quae</span> <span class='ocrx_word' id='word_1_129' title='bbox 572 2168 713 2230; x_wconf 91' lang='lat' dir='ltr'>Tacitus</span> <span class='ocrx_word' id='word_1_130' title='bbox 738 2188 766 2231; x_wconf 91' lang='lat' dir='ltr'>c.</span> <span class='ocrx_word' id='word_1_131' title='bbox 792 2173 845 2245; x_wconf 82' lang='lat'>20,</span> <span class='ocrx_word' id='word_1_132' title='bbox 870 2167 999 2233; x_wconf 89' lang='lat' dir='ltr'>Caesar</span> <span class='ocrx_word' id='word_1_133' title='bbox 1030 2171 1068 2235; x_wconf 82' lang='grc' dir='ltr'>Β.</span> <span class='ocrx_word' id='word_1_134' title='bbox 1105 2171 1146 2236; x_wconf 88' lang='lat' dir='ltr'>G.</span> <span class='ocrx_word' id='word_1_135' title='bbox 1173 2173 1187 2236; x_wconf 94' lang='lat' dir='ltr'>l</span> <span class='ocrx_word' id='word_1_136' title='bbox 1212 2180 1253 2239; x_wconf 84' lang='grc'>39</span> <span class='ocrx_word' id='word_1_137' title='bbox 1281 2177 1325 2239; x_wconf 91' lang='lat' dir='ltr'>de</span> 
     </span>
     <span class='ocr_line' id='line_1_18' title="bbox 154 2276 504 2342; baseline -0.006 -1"><span class='ocrx_word' id='word_1_138' title='bbox 154 2278 274 2342; x_wconf 91' lang='lat' dir='ltr'>eadem</span> <span class='ocrx_word' id='word_1_139' title='bbox 297 2298 333 2340; x_wconf 89' lang='lat' dir='ltr'>re</span> <span class='ocrx_word' id='word_1_140' title='bbox 358 2276 504 2339; x_wconf 90' lang='lat' dir='ltr'>tradunt.</span> 
     </span>
    </p>
   </div>
   <div class='ocr_carea' id='block_1_3' title="bbox 283 2373 581 2439">
    <p class='ocr_par' dir='ltr' id='par_1_4' title="bbox 283 2373 581 2439">
     <span class='ocr_line' id='line_1_19' title="bbox 283 2373 581 2439; baseline -0.003 0"><span class='ocrx_word' id='word_1_141' title='bbox 283 2375 451 2439; x_wconf 90' lang='lat' dir='ltr'>Caesar</span> <span class='ocrx_word' id='word_1_142' title='bbox 474 2373 513 2437; x_wconf 91' lang='lat' dir='ltr'>B.</span> <span class='ocrx_word' id='word_1_143' title='bbox 539 2373 581 2438; x_wconf 88' lang='lat' dir='ltr'>G.</span> 
     </span>
    </p>
   </div>
   <div class='ocr_carea' id='block_1_4' title="bbox 154 2482 719 4287">
    <p class='ocr_par' dir='ltr' id='par_1_5' title="bbox 154 2482 716 3621">
     <span class='ocr_line' id='line_1_20' title="bbox 199 2482 711 2559; baseline -0.006 -12"><span class='ocrx_word' id='word_1_144' title='bbox 199 2484 247 2548; x_wconf 91' lang='lat' dir='ltr'>lV</span> <span class='ocrx_word' id='word_1_145' title='bbox 283 2489 310 2548; x_wconf 91' lang='lat'>1.</span> <span class='ocrx_word' id='word_1_146' title='bbox 344 2482 444 2559; x_wconf 90' lang='lat' dir='ltr'>Quae</span> <span class='ocrx_word' id='word_1_147' title='bbox 477 2505 530 2545; x_wconf 90' lang='lat' dir='ltr'>res</span> <span class='ocrx_word' id='word_1_148' title='bbox 562 2496 595 2546; x_wconf 90' lang='lat' dir='ltr'>et</span> <span class='ocrx_word' id='word_1_149' title='bbox 624 2483 711 2545; x_wconf 91' lang='lat' dir='ltr'>vires</span> 
     </span>
     <span class='ocr_line' id='line_1_21' title="bbox 155 2593 711 2675; baseline -0.011 -17"><span class='ocrx_word' id='word_1_150' title='bbox 155 2595 212 2658; x_wconf 88' lang='lat' dir='ltr'>alit</span> <span class='ocrx_word' id='word_1_151' title='bbox 262 2607 297 2657; x_wconf 89' lang='lat' dir='ltr'>et</span> <span class='ocrx_word' id='word_1_152' title='bbox 344 2593 480 2655; x_wconf 90' lang='lat' dir='ltr'>immani</span> <span class='ocrx_word' id='word_1_153' title='bbox 531 2611 711 2675; x_wconf 91' lang='lat' dir='ltr'>corporum</span> 
     </span>
     <span class='ocr_line' id='line_1_22' title="bbox 154 2697 711 2788; baseline -0.013 -23"><span class='ocrx_word' id='word_1_154' title='bbox 154 2701 386 2788; x_wconf 87' lang='lat' dir='ltr'>magnitudine</span> <span class='ocrx_word' id='word_1_155' title='bbox 416 2700 567 2762; x_wconf 90' lang='lat' dir='ltr'>homines</span> <span class='ocrx_word' id='word_1_156' title='bbox 596 2697 711 2760; x_wconf 76' lang='lat' dir='ltr'>efficit.</span> 
     </span>
     <span class='ocr_line' id='line_1_23' title="bbox 155 2809 714 2895; baseline -0.011 -22"><span class='ocrx_word' id='word_1_157' title='bbox 155 2809 271 2895; x_wconf 88' lang='lat' dir='ltr'>Atque</span> <span class='ocrx_word' id='word_1_158' title='bbox 303 2810 335 2871; x_wconf 92' lang='lat' dir='ltr'>in</span> <span class='ocrx_word' id='word_1_159' title='bbox 368 2829 444 2870; x_wconf 90' lang='lat' dir='ltr'>eam</span> <span class='ocrx_word' id='word_1_160' title='bbox 474 2829 509 2870; x_wconf 92' lang='lat' dir='ltr'>se</span> <span class='ocrx_word' id='word_1_161' title='bbox 534 2817 714 2870; x_wconf 91' lang='lat' dir='ltr'>consuetu-</span> 
     </span>
     <span class='ocr_line' id='line_1_24' title="bbox 155 2911 713 2993; baseline -0.011 -14"><span class='ocrx_word' id='word_1_162' title='bbox 155 2916 268 2979; x_wconf 89' lang='lat' dir='ltr'>dinem</span> <span class='ocrx_word' id='word_1_163' title='bbox 299 2916 530 2993; x_wconf 87' lang='lat' dir='ltr'>adduxerunt,</span> <span class='ocrx_word' id='word_1_164' title='bbox 563 2924 600 2976; x_wconf 93' lang='lat' dir='ltr'>ut</span> <span class='ocrx_word' id='word_1_165' title='bbox 631 2911 713 2979; x_wconf 87' lang='lat' dir='ltr'>locis</span> 
     </span>
     <span class='ocr_line' id='line_1_25' title="bbox 155 3021 714 3108; baseline -0.007 -23"><span class='ocrx_word' id='word_1_166' title='bbox 155 3024 380 3108; x_wconf 72' lang='lat' dir='ltr'>frigidissimis</span> <span class='ocrx_word' id='word_1_167' title='bbox 423 3043 533 3107; x_wconf 94' lang='lat' dir='ltr'>neque</span> <span class='ocrx_word' id='word_1_168' title='bbox 572 3021 714 3083; x_wconf 90' lang='lat' dir='ltr'>vestitus</span> 
     </span>
     <span class='ocr_line' id='line_1_26' title="bbox 156 3127 715 3215; baseline -0.007 -22"><span class='ocrx_word' id='word_1_169' title='bbox 156 3142 293 3215; x_wconf 89' lang='lat' dir='ltr'>praeter</span> <span class='ocrx_word' id='word_1_170' title='bbox 315 3129 411 3213; x_wconf 90' lang='lat' dir='ltr'>pellis</span> <span class='ocrx_word' id='word_1_171' title='bbox 432 3127 597 3191; x_wconf 91' lang='lat' dir='ltr'>haberent</span> <span class='ocrx_word' id='word_1_172' title='bbox 621 3127 715 3213; x_wconf 91' lang='lat' dir='ltr'>quic-</span> 
     </span>
     <span class='ocr_line' id='line_1_27' title="bbox 157 3236 715 3321; baseline -0.007 -21"><span class='ocrx_word' id='word_1_173' title='bbox 157 3259 269 3321; x_wconf 92' lang='lat' dir='ltr'>quam,</span> <span class='ocrx_word' id='word_1_174' title='bbox 298 3257 439 3321; x_wconf 87' lang='lat' dir='ltr'>quarum</span> <span class='ocrx_word' id='word_1_175' title='bbox 472 3247 614 3319; x_wconf 88' lang='lat' dir='ltr'>propter</span> <span class='ocrx_word' id='word_1_176' title='bbox 645 3236 715 3298; x_wconf 85' lang='lat' dir='ltr'>exi-</span> 
     </span>
     <span class='ocr_line' id='line_1_28' title="bbox 156 3334 714 3430; baseline -0.002 -24"><span class='ocrx_word' id='word_1_177' title='bbox 156 3345 321 3430; x_wconf 91' lang='lat' dir='ltr'>guitatem</span> <span class='ocrx_word' id='word_1_178' title='bbox 346 3364 469 3428; x_wconf 91' lang='lat' dir='ltr'>magna</span> <span class='ocrx_word' id='word_1_179' title='bbox 494 3334 545 3404; x_wconf 48' lang='lat' dir='ltr'>e&#39;st</span> <span class='ocrx_word' id='word_1_180' title='bbox 563 3343 714 3426; x_wconf 85' lang='lat' dir='ltr'>corporis</span> 
     </span>
     <span class='ocr_line' id='line_1_29' title="bbox 157 3450 716 3536; baseline -0.004 -22"><span class='ocrx_word' id='word_1_181' title='bbox 157 3473 236 3536; x_wconf 91' lang='lat' dir='ltr'>pars</span> <span class='ocrx_word' id='word_1_182' title='bbox 271 3463 410 3536; x_wconf 89' lang='lat' dir='ltr'>aperta,</span> <span class='ocrx_word' id='word_1_183' title='bbox 456 3463 489 3513; x_wconf 87' lang='lat' dir='ltr'>et</span> <span class='ocrx_word' id='word_1_184' title='bbox 524 3450 716 3513; x_wconf 86' lang='lat' dir='ltr'>lavarentur</span> 
     </span>
     <span class='ocr_line' id='line_1_30' title="bbox 158 3556 415 3621; baseline -0.008 0"><span class='ocrx_word' id='word_1_185' title='bbox 158 3559 191 3621; x_wconf 94' lang='lat' dir='ltr'>in</span> <span class='ocrx_word' id='word_1_186' title='bbox 213 3556 415 3621; x_wconf 80' lang='lat' dir='ltr'>fluminibus</span> 
     </span>
    </p>

    <p class='ocr_par' dir='ltr' id='par_1_6' title="bbox 160 3664 719 4287">
     <span class='ocr_line' id='line_1_31' title="bbox 202 3664 715 3750; baseline 0 -24"><span class='ocrx_word' id='word_1_187' title='bbox 202 3664 217 3726; x_wconf 94' lang='lat' dir='ltr'>l</span> <span class='ocrx_word' id='word_1_188' title='bbox 242 3669 293 3729; x_wconf 88' lang='grc'>39.</span> <span class='ocrx_word' id='word_1_189' title='bbox 322 3664 455 3748; x_wconf 86' lang='lat' dir='ltr'>Ingenti</span> <span class='ocrx_word' id='word_1_190' title='bbox 484 3664 715 3750; x_wconf 90' lang='lat' dir='ltr'>magnitudine</span> 
     </span>
     <span class='ocr_line' id='line_1_32' title="bbox 160 3771 716 3857; baseline -0.002 -21"><span class='ocrx_word' id='word_1_191' title='bbox 160 3794 341 3857; x_wconf 88' lang='lat' dir='ltr'>corporum</span> <span class='ocrx_word' id='word_1_192' title='bbox 387 3771 576 3836; x_wconf 89' lang='lat' dir='ltr'>Germanos</span> <span class='ocrx_word' id='word_1_193' title='bbox 625 3794 716 3847; x_wconf 84' lang='lat' dir='ltr'>esse3</span> 
     </span>
     <span class='ocr_line' id='line_1_33' title="bbox 160 3881 717 3963; baseline -0.002 -20"><span class='ocrx_word' id='word_1_194' title='bbox 160 3900 404 3963; x_wconf 88' lang='lat' dir='ltr'>saepenumero</span> <span class='ocrx_word' id='word_1_195' title='bbox 440 3901 513 3942; x_wconf 94' lang='lat' dir='ltr'>sese</span> <span class='ocrx_word' id='word_1_196' title='bbox 557 3901 634 3942; x_wconf 91' lang='lat' dir='ltr'>cum</span> <span class='ocrx_word' id='word_1_197' title='bbox 666 3881 717 3943; x_wconf 93' lang='lat' dir='ltr'>his</span> 
     </span>
     <span class='ocr_line' id='line_1_34' title="bbox 161 3988 719 4073; baseline 0.002 -23"><span class='ocrx_word' id='word_1_198' title='bbox 161 4007 362 4072; x_wconf 87' lang='lat' dir='ltr'>congressos</span> <span class='ocrx_word' id='word_1_199' title='bbox 378 4009 420 4050; x_wconf 90' lang='lat' dir='ltr'>ne</span> <span class='ocrx_word' id='word_1_200' title='bbox 436 3988 565 4050; x_wconf 89' lang='lat' dir='ltr'>vultum</span> <span class='ocrx_word' id='word_1_201' title='bbox 582 3988 719 4073; x_wconf 92' lang='lat' dir='ltr'>quidem</span> 
     </span>
     <span class='ocr_line' id='line_1_35' title="bbox 161 4095 719 4179; baseline 0.005 -24"><span class='ocrx_word' id='word_1_202' title='bbox 161 4105 263 4179; x_wconf 89' lang='lat' dir='ltr'>atque</span> <span class='ocrx_word' id='word_1_203' title='bbox 288 4095 393 4158; x_wconf 88' lang='lat' dir='ltr'>aciem</span> <span class='ocrx_word' id='word_1_204' title='bbox 427 4096 601 4159; x_wconf 91' lang='lat' dir='ltr'>oculorum</span> <span class='ocrx_word' id='word_1_205' title='bbox 627 4096 719 4160; x_wconf 92' lang='lat' dir='ltr'>dice-</span> 
     </span>
     <span class='ocr_line' id='line_1_36' title="bbox 161 4199 541 4287; baseline 0.003 -23"><span class='ocrx_word' id='word_1_206' title='bbox 161 4199 244 4264; x_wconf 90' lang='lat' dir='ltr'>bant</span> <span class='ocrx_word' id='word_1_207' title='bbox 267 4201 357 4264; x_wconf 80' lang='lat' dir='ltr'>t‘erre</span> <span class='ocrx_word' id='word_1_208' title='bbox 381 4203 541 4287; x_wconf 90' lang='lat' dir='ltr'>potuisse.</span> 
     </span>
    </p>
   </div>
   <div class='ocr_carea' id='block_1_5' title="bbox 253 4343 691 4411">
    <p class='ocr_par' dir='ltr' id='par_1_7' title="bbox 253 4343 691 4411">
     <span class='ocr_line' id='line_1_37' title="bbox 253 4343 691 4411; baseline 0.009 -17"><span class='ocrx_word' id='word_1_209' title='bbox 253 4343 261 4372; x_wconf 94' lang='lat'><strong>¹</strong></span> <span class='ocrx_word' id='word_1_210' title='bbox 281 4345 420 4396; x_wconf 87' lang='lat' dir='ltr'>Ammian.</span> <span class='ocrx_word' id='word_1_211' title='bbox 440 4347 564 4396; x_wconf 86' lang='lat' dir='ltr'>Marcell.</span> <span class='ocrx_word' id='word_1_212' title='bbox 584 4348 646 4411; x_wconf 84' lang='lat' dir='ltr'>XV,</span> <span class='ocrx_word' id='word_1_213' title='bbox 666 4350 691 4398; x_wconf 89' lang='grc'>9.</span> 
     </span>
    </p>
   </div>
   <div class='ocr_carea' id='block_1_6' title="bbox 767 2376 1334 3840">
    <p class='ocr_par' dir='ltr' id='par_1_8' title="bbox 767 2376 1334 3753">
     <span class='ocr_line' id='line_1_38' title="bbox 941 2376 1138 2444; baseline 0.015 -4"><span class='ocrx_word' id='word_1_214' title='bbox 941 2376 1138 2444; x_wconf 65' lang='lat' dir='ltr'>Tacstus</span> 
     </span>
     <span class='ocr_line' id='line_1_39' title="bbox 811 2483 1327 2572; baseline 0.014 -25"><span class='ocrx_word' id='word_1_215' title='bbox 811 2490 841 2547; x_wconf 87' lang='grc'>4.</span> <span class='ocrx_word' id='word_1_216' title='bbox 866 2483 1000 2549; x_wconf 90' lang='lat' dir='ltr'>habitus</span> <span class='ocrx_word' id='word_1_217' title='bbox 1030 2508 1210 2572; x_wconf 91' lang='lat' dir='ltr'>corporum</span> <span class='ocrx_word' id='word_1_218' title='bbox 1235 2491 1327 2554; x_wconf 88' lang='lat' dir='ltr'>idem</span> 
     </span>
     <span class='ocr_line' id='line_1_40' title="bbox 767 2591 1328 2662; baseline 0.018 -10"><span class='ocrx_word' id='word_1_219' title='bbox 767 2591 938 2655; x_wconf 91' lang='lat' dir='ltr'>omnibus:</span> <span class='ocrx_word' id='word_1_220' title='bbox 964 2606 1076 2659; x_wconf 89' lang='lat' dir='ltr'>truces</span> <span class='ocrx_word' id='word_1_221' title='bbox 1110 2610 1144 2660; x_wconf 91' lang='lat' dir='ltr'>et</span> <span class='ocrx_word' id='word_1_222' title='bbox 1178 2600 1328 2662; x_wconf 88' lang='lat' dir='ltr'>caerulei</span> 
     </span>
     <span class='ocr_line' id='line_1_41' title="bbox 767 2698 1329 2791; baseline 0.014 -31"><span class='ocrx_word' id='word_1_223' title='bbox 767 2698 866 2782; x_wconf 88' lang='lat' dir='ltr'>oculi,</span> <span class='ocrx_word' id='word_1_224' title='bbox 890 2700 1009 2764; x_wconf 90' lang='lat' dir='ltr'>rutilae</span> <span class='ocrx_word' id='word_1_225' title='bbox 1034 2723 1171 2779; x_wconf 89' lang='lat' dir='ltr'>comae,</span> <span class='ocrx_word' id='word_1_226' title='bbox 1200 2727 1329 2791; x_wconf 88' lang='lat' dir='ltr'>magna</span> 
     </span>
     <span class='ocr_line' id='line_1_42' title="bbox 768 2813 1331 2890; baseline 0.014 -22"><span class='ocrx_word' id='word_1_227' title='bbox 768 2826 912 2890; x_wconf 91' lang='lat' dir='ltr'>corpora</span> <span class='ocrx_word' id='word_1_228' title='bbox 958 2820 992 2871; x_wconf 90' lang='lat' dir='ltr'>et</span> <span class='ocrx_word' id='word_1_229' title='bbox 1022 2821 1152 2873; x_wconf 91' lang='lat' dir='ltr'>tantum</span> <span class='ocrx_word' id='word_1_230' title='bbox 1190 2813 1236 2875; x_wconf 90' lang='lat' dir='ltr'>ad</span> <span class='ocrx_word' id='word_1_231' title='bbox 1268 2815 1331 2875; x_wconf 91' lang='lat' dir='ltr'>im-</span> 
     </span>
     <span class='ocr_line' id='line_1_43' title="bbox 767 2915 1330 3005; baseline 0.016 -30"><span class='ocrx_word' id='word_1_232' title='bbox 767 2926 883 2999; x_wconf 91' lang='lat' dir='ltr'>petum</span> <span class='ocrx_word' id='word_1_233' title='bbox 908 2915 1037 2991; x_wconf 83' lang='lat' dir='ltr'>valida3</span> <span class='ocrx_word' id='word_1_234' title='bbox 1067 2917 1190 2982; x_wconf 89' lang='lat' dir='ltr'>laboris</span> <span class='ocrx_word' id='word_1_235' title='bbox 1222 2933 1330 3005; x_wconf 90' lang='lat' dir='ltr'>atque</span> 
     </span>
     <span class='ocr_line' id='line_1_44' title="bbox 768 3025 1330 3108; baseline 0.012 -24"><span class='ocrx_word' id='word_1_236' title='bbox 768 3043 909 3106; x_wconf 89' lang='lat' dir='ltr'>operum</span> <span class='ocrx_word' id='word_1_237' title='bbox 926 3045 992 3086; x_wconf 94' lang='lat' dir='ltr'>non</span> <span class='ocrx_word' id='word_1_238' title='bbox 1010 3025 1130 3087; x_wconf 92' lang='lat' dir='ltr'>eadem</span> <span class='ocrx_word' id='word_1_239' title='bbox 1147 3028 1330 3108; x_wconf 91' lang='lat' dir='ltr'>patientia;</span> 
     </span>
     <span class='ocr_line' id='line_1_45' title="bbox 768 3132 1330 3220; baseline 0.011 -29"><span class='ocrx_word' id='word_1_240' title='bbox 768 3132 969 3215; x_wconf 90' lang='lat' dir='ltr'>minimeque</span> <span class='ocrx_word' id='word_1_241' title='bbox 1001 3132 1089 3194; x_wconf 92' lang='lat' dir='ltr'>sitim</span> <span class='ocrx_word' id='word_1_242' title='bbox 1126 3147 1330 3220; x_wconf 89' lang='lat' dir='ltr'>aestumque</span> 
     </span>
     <span class='ocr_line' id='line_1_46' title="bbox 769 3237 1333 3326; baseline 0.005 -25"><span class='ocrx_word' id='word_1_243' title='bbox 769 3237 929 3313; x_wconf 89' lang='lat' dir='ltr'>tolerare,</span> <span class='ocrx_word' id='word_1_244' title='bbox 962 3238 1089 3324; x_wconf 74' lang='lat' dir='ltr'>frigora</span> <span class='ocrx_word' id='word_1_245' title='bbox 1123 3252 1227 3326; x_wconf 87' lang='lat' dir='ltr'>atque</span> <span class='ocrx_word' id='word_1_246' title='bbox 1260 3243 1333 3305; x_wconf 91' lang='lat' dir='ltr'>ine-</span> 
     </span>
     <span class='ocr_line' id='line_1_47' title="bbox 769 3345 1331 3413; baseline 0.005 -4"><span class='ocrx_word' id='word_1_247' title='bbox 769 3345 1331 3413; x_wconf 86' lang='lat' dir='ltr'>diarncaelosoloveassueverunt.</span> 
     </span>
     <span class='ocr_line' id='line_1_48' title="bbox 815 3453 1331 3527; baseline 0.006 -10"><span class='ocrx_word' id='word_1_248' title='bbox 815 3457 867 3517; x_wconf 82' lang='lat'>20.</span> <span class='ocrx_word' id='word_1_249' title='bbox 892 3453 925 3514; x_wconf 88' lang='lat' dir='ltr'>in</span> <span class='ocrx_word' id='word_1_250' title='bbox 960 3454 1021 3515; x_wconf 91' lang='lat' dir='ltr'>hos</span> <span class='ocrx_word' id='word_1_251' title='bbox 1057 3466 1159 3527; x_wconf 85' lang='lat' dir='ltr'>artus,</span> <span class='ocrx_word' id='word_1_252' title='bbox 1185 3455 1216 3515; x_wconf 90' lang='lat' dir='ltr'>in</span> <span class='ocrx_word' id='word_1_253' title='bbox 1242 3457 1331 3520; x_wconf 90' lang='lat' dir='ltr'>haec</span> 
     </span>
     <span class='ocr_line' id='line_1_49' title="bbox 771 3562 1333 3645; baseline 0.004 -22"><span class='ocrx_word' id='word_1_254' title='bbox 771 3581 925 3644; x_wconf 89' lang='lat' dir='ltr'>corpora,</span> <span class='ocrx_word' id='word_1_255' title='bbox 959 3581 1046 3645; x_wconf 90' lang='lat' dir='ltr'>quae</span> <span class='ocrx_word' id='word_1_256' title='bbox 1078 3562 1238 3623; x_wconf 88' lang='lat' dir='ltr'>miramur</span> <span class='ocrx_word' id='word_1_257' title='bbox 1272 3585 1333 3625; x_wconf 82' lang='lat' dir='ltr'>ex-</span> 
     </span>
     <span class='ocr_line' id='line_1_50' title="bbox 772 3668 1334 3753; baseline 0 -22"><span class='ocrx_word' id='word_1_258' title='bbox 772 3680 928 3731; x_wconf 88' lang='lat' dir='ltr'>crescunt</span> <span class='ocrx_word' id='word_1_259' title='bbox 952 3716 960 3731; x_wconf 88' lang='lat'><strong>.</strong></span> <span class='ocrx_word' id='word_1_260' title='bbox 986 3717 994 3732; x_wconf 87' lang='lat'><strong>.</strong></span> <span class='ocrx_word' id='word_1_261' title='bbox 1020 3716 1027 3731; x_wconf 92' lang='lat'>.</span> <span class='ocrx_word' id='word_1_262' title='bbox 1053 3668 1176 3732; x_wconf 88' lang='lat' dir='ltr'>robora</span> <span class='ocrx_word' id='word_1_263' title='bbox 1207 3691 1334 3753; x_wconf 89' lang='lat' dir='ltr'>paren-</span> 
     </span>
    </p>

    <p class='ocr_par' dir='ltr' id='par_1_9' title="bbox 771 3774 1146 3840">
     <span class='ocr_line' id='line_1_51' title="bbox 771 3774 1146 3840; baseline -0.003 0"><span class='ocrx_word' id='word_1_264' title='bbox 771 3788 843 3840; x_wconf 93' lang='lat' dir='ltr'>tum</span> <span class='ocrx_word' id='word_1_265' title='bbox 865 3774 961 3840; x_wconf 89' lang='lat' dir='ltr'>liberi</span> <span class='ocrx_word' id='word_1_266' title='bbox 984 3777 1146 3840; x_wconf 75' lang='lat' dir='ltr'>referunt.</span> 
     </span>
    </p>
   </div>
   <div class='ocr_carea' id='block_1_7' title="bbox 0 0 1502 4988">
    <p class='ocr_par' dir='ltr' id='par_1_10' title="bbox 0 0 1502 4988">
     <span class='ocr_line' id='line_1_52' title="bbox 0 0 1502 4988; baseline 0 0"><span class='ocrx_word' id='word_1_267' title='bbox 0 0 1502 4988; x_wconf 95' lang='lat' dir='ltr'> </span> 
     </span>
    </p>
   </div>
  </div>
 </body>
</html>
