2994 4988
607 390 827 452 ..47-

156 575 287 629 stennon
300 578 353 628 est
368 563 508 628 dubium
521 576 556 627 et
569 564 696 627 inclusa
751 585 830 627 mox
858 577 894 627 ut
923 564 955 626 in
979 564 1090 648 picem
1121 565 1310 626 resinamve

161 670 337 735 durescente
355 670 478 734 eodem
501 671 695 733 remanisse.
750 670 915 734 lentescit.

199 783 240 844 li.
263 776 328 841 DC
375 798 418 840 m.
469 798 503 861 p.
556 777 630 839 fere
676 797 696 838 a

138 882 311 977 iCumunto
346 882 543 947 Pannoniae
576 883 696 946 abesse

173 988 228 1053 litus
250 990 281 1053 id
309 989 531 1066 Germaniae,
557 1012 599 1054 ex
629 1012 696 1075 quo

177 1096 322 1175 inuehitur,
360 1098 598 1182 percognitum
646 1109 696 1161 est

177 1224 261 1288 nuper.

239 1382 407 1446 lunatura
431 1382 537 1446 sucini
562 1383 786 1447 describenda
811 1383 970 1446 Tacitum
1003 1382 1089 1445 Plini
1124 1382 1227 1446 uerba
1258 1404 1309 1446 se-

156 1500 260 1555 .cutum
280 1512 348 1554 esse
372 1503 480 1575 patet.
531 1488 634 1574 ,Ipsis
658 1488 846 1566 Germanis
872 1503 908 1553 ut
932 1489 1095 1566 barbaris,
1128 1512 1215 1574 quae
1249 1513 1309 1553 na-

177 1606 230 1659 tura
246 1618 365 1682 quaeve
391 1598 477 1660 ratio
489 1597 620 1683 gignat,
644 1618 710 1659 non
729 1598 918 1682 quaesitum
940 1609 1195 1681 compertumve
1212 1603 1304 1660 esse“

177 1700 270 1767 addere
290 1704 421 1768 videtur
445 1704 587 1767 Tacitus
612 1705 794 1788 respiciens
818 1702 915 1766 Plinii
940 1703 1213 1788 disputationem,
1240 1726 1307 1788 qua

177 1806 327 1887 [XXXVII
351 1812 498 1895 30-41)
529 1812 747 1897 priusquam,
782 1833 870 1897 quae
902 1811 973 1895 ipse
1005 1824 1180 1895 comperta
1205 1810 1308 1873 habet

148 1930 297 2000 -expunat,
324 1917 554 1997 ,Graecorum
578 1918 621 1981 de
646 1920 711 1982 hac
736 1941 771 1982 re
796 1919 963 1981 vanitates
980 1918 1161 2003 detegere“
1181 1918 1306 1981 studet.

175 2018 245 2086 Plinii
277 2039 388 2089 autem
426 2025 469 2088 de
509 2025 649 2101 ratione,
688 2047 776 2111 quae
815 2026 946 2110 gignat,
977 2024 1100 2089 verba:
1133 2024 1308 2109 ,Erumpit

174 2131 267 2194 umoris
300 2131 542 2207 abundantia“,
566 2133 690 2197 Tacito
727 2154 793 2195 non
828 2133 988 2196 sufficere
1026 2132 1199 2206 videntur3
1230 2154 1308 2194 nam

173 2234 224 2319 ipse
244 2251 274 2301 ut
295 2239 485 2303 accuratius
509 2260 579 2302 rem
603 2253 764 2323 exponat,
788 2241 821 2302 in
839 2239 1093 2303 fecundioribus
1111 2239 1305 2302 nemoribus

172 2340 289 2430 lucisque
311 2367 428 2410 sucum
453 2345 630 2410 arboribus
654 2347 700 2410 ait
734 2347 895 2430 „exprimi
927 2347 1029 2410 radiis
1063 2347 1141 2409 solis
1173 2347 1303 2409 vicini.“

170 2445 278 2516 Scilicet
298 2454 377 2517 solis
401 2454 515 2518 radios
526 2454 559 2517 in
574 2455 733 2517 extremis
752 2454 958 2532 ,occidentis
978 2454 1092 2516 insulis
1110 2454 1306 2537 terrisque“,

171 2555 229 2633 ,ubi
248 2573 413 2624 extremus
437 2561 590 2624 cadentis
615 2561 680 2623 iam
705 2560 783 2623 solis
808 2560 922 2646 fulgor
952 2561 985 2623 in
1017 2574 1127 2624 ortum
1152 2561 1306 2632 edurat“‚

119 2740 122 2761 Ι
167 2664 299 2730 maiorem
320 2668 389 2731 vim
412 2666 539 2731 habere
564 2668 730 2752 opinatur,
755 2668 841 2730 sicut
866 2668 898 2728 in
923 2669 1059 2731 orientis
1082 2668 1232 2743 secretiS,
1249 2667 1305 2730 ubi

119 2766 123 2909 q
166 2780 224 2835 tura
243 2772 453 2860 balsamaque
478 2775 652 2838 sudantur.
700 2773 832 2837 Locum
856 2795 1002 2858 quoque,
1027 2774 1083 2837 ubi
1109 2776 1307 2849 inveniatur,

119 2914 122 2925 =
164 2883 327 2946 accuratius
351 2882 521 2968 significat
544 2881 688 2944 Tacitus
712 2903 813 2966 quam
838 2880 976 2945 Plinius.
1025 2882 1090 2944 Hic
1115 2883 1202 2944 enim
1229 2882 1309 2943 nihil

164 2983 227 3049 dicit
246 2990 303 3051 nisi
327 2988 447 3053 abesse
463 2989 540 3051 litus
566 2989 599 3052 id
616 2988 836 3064 Germaniae,
862 3011 905 3051 ex
931 3010 998 3073 quo
1023 2990 1209 3063 invehatur,
1243 2987 1308 3051 DC

162 3097 336 3178 nupsere
361 3119 381 3160 a
406 3094 582 3159 Carnunto
599 3095 828 3170 Pannoniae“,
855 3097 926 3158 ille:
955 3097 1006 3174 ,in
1032 3096 1153 3158 dextro
1170 3093 1308 3158 Suebici

161 3201 243 3264 maris
264 3202 412 3285 (Ostsee)
447 3202 544 3267 litore
581 3203 775 3266 Aestiorum
800 3216 922 3288 gentes
957 3225 1050 3265 mare
1085 3203 1227 3266 scrutari
1268 3222 1308 3263 ac

160 3307 232 3372 solos
267 3310 413 3374 omnium
451 3310 605 3373 sucinum
644 3311 730 3372 inter
768 3310 857 3373 vada
897 3323 999 3394 atque
1038 3311 1070 3371 in
1101 3306 1182 3393 ¹ipso
1212 3310 1308 3372 litore

157 3412 283 3500 legere.“
309 3416 362 3480 De
387 3416 524 3481 Suebici
549 3418 648 3479 maris
673 3416 769 3479 litore
802 3417 994 3501 accolisque
1024 3417 1166 3480 Tacitus
1199 3415 1310 3479 uberi-

157 3540 236 3585 orem
267 3546 368 3610 quam
402 3522 531 3587 Plinius
570 3523 719 3588 habebat
745 3526 908 3599 notitiam,
945 3524 1059 3587 electri
1099 3524 1308 3608 potissimum

156 3632 341 3695 commercio
365 3631 469 3715 ipsius
493 3631 607 3694 Taciti
632 3642 744 3694 aetate
769 3653 789 3694 a
813 3631 978 3694 Romanis
1002 3642 1148 3714 partam.

231 3807 446 3896 Quamquam
471 3809 623 3886 Tacitus,
648 3829 724 3872 cum
741 3808 879 3872 Aestios
904 3809 992 3871 solos
1017 3809 1132 3894 legere
1157 3810 1309 3872 sucinum

154 3912 243 3993 dicat,
267 3939 333 3981 non
357 3916 439 3981 dicit
463 3916 542 3980 alibi
566 3938 634 3979 non
670 3916 765 4002 gigni
801 3916 1004 3990 invenirive3
1040 3917 1101 3978 sed
1136 3916 1180 3979 ad
1215 3916 1312 3977 indu-

153 4021 255 4085 striam
278 4025 460 4100 hominum,
484 4024 540 4108 qui
569 4023 758 4102 ,frumenta
783 4035 983 4107 ceterosque
1018 4024 1148 4086 fructus
1179 4023 1310 4106 patien-

153 4127 219 4205 tius,
241 4152 341 4216 quam
371 4152 433 4216 pro
457 4131 555 4194 solita
579 4130 825 4194 Germanorum
850 4131 969 4192 inertia
993 4129 1225 4211 labou·abant“,
1251 4130 1311 4191 de-

155 4233 336 4311 clarandam
375 4250 429 4319 ,et
453 4259 545 4302 mare
570 4238 711 4301 scrutari
736 4258 795 4301 eos
818 4237 1038 4323 sucinumque
1059 4236 1148 4300 solos
1172 4236 1306 4322 legere“
