2994 4988
753 381 974 445 -64..

278 577 387 640 tenuis
411 576 543 638 fructus
566 596 629 638 nec
655 576 688 636 in
721 574 859 660 longum
889 575 984 636 t'uit.“
1034 573 1070 637 Si
1103 574 1175 658 ipse
1208 575 1242 637 in
1266 574 1453 641 Germania

278 695 381 768 atque
406 683 439 745 in
461 681 647 758 Mattiacis,
673 703 815 766 quorum
839 694 994 743 naturam
1019 702 1197 766 moresque
1233 683 1276 763 (e.
1304 686 1361 766 29)
1396 684 1454 747 de-

279 790 422 873 scripsit,
446 790 578 865 fuisset,
603 789 682 851 illud
708 788 809 851 facile
834 788 1022 872 comperire
1047 788 1167 871 potuit,
1191 810 1304 873 neque
1329 790 1363 852 in
1388 791 1453 854 hoc

279 897 321 960 de
361 896 475 960 Germ.
516 894 599 958 libro
639 895 825 979 scripsisset
865 896 907 976 (c.
934 897 985 977 5):
1029 893 1241 979 „Argentum
1274 908 1309 958 et
1333 919 1455 961 aurum

278 1004 458 1088 propitiine
482 1025 525 1065 an
549 1004 624 1066 irati
649 1004 681 1066 di
716 1002 916 1087 negaverint
940 1000 1069 1065 dubito.
1117 999 1193 1064 Nec
1217 1013 1332 1065 tamen
1358 1005 1456 1066 affir-

279 1111 440 1173 maverim
479 1110 603 1172 nullam
642 1109 846 1173 Germaniae
893 1131 1015 1171 venam
1064 1120 1242 1193 argentum
1288 1131 1454 1174 aurumve

278 1219 438 1303 gignere:
464 1218 538 1302 quis
564 1219 652 1279 enim
675 1229 844 1279 scrutatus
869 1215 962 1278 est?“

368 1350 553 1413 Plurimum
577 1351 609 1411 in
640 1351 838 1435 quaestione
874 1361 988 1412 nostra
1019 1349 1237 1412 diiudicanda
1269 1349 1455 1414 Wolflinus

280 1458 521 1522 tribuit1huic
549 1457 643 1519 loco:
681 1456 797 1535 „Haec
830 1457 863 1518 in
897 1476 1074 1519 commune
1108 1457 1151 1519 de
1185 1457 1334 1519 omnium
1367 1457 1456 1521 Ger-

280 1586 454 1628 manorum
479 1565 608 1649 origine
633 1584 674 1627 ac
698 1562 847 1626 moribus
872 1564 1096 1647 accepimus“
1133 1565 1175 1645 (c.
1201 1565 1266 1645 27).
1284 1562 1454 1627 Extremo

281 1673 368 1735 enim
417 1670 603 1734 vocabulo:
646 1671 877 1754 „accepimus“
926 1671 974 1732 uti
1013 1669 1173 1734 Tacitum
1211 1672 1456 1756 respicientem

279 1801 366 1864 quae
390 1778 481 1842 libris
506 1779 656 1862 priorum
680 1778 804 1841 tradita
829 1790 944 1855 erant,
970 1800 1037 1840 non
1062 1799 1149 1863 quae
1174 1778 1217 1842 ab
1251 1779 1454 1864 aequalibus

280 1898 492 1970 compererat
515 1897 573 1948 aut
598 1886 668 1968 ipse
694 1885 834 1948 viderat.
884 1885 985 1949 Locis
1010 1906 1094 1969 quos
1118 1887 1221 1949 affert
1246 1886 1290 1949 ad
1315 1899 1456 1950 senten-

279 1995 361 2057 tiam
383 1993 606 2077 probandam,
631 1992 711 2054 addi
734 2005 848 2076 potest
872 1994 982 2056 annal.
1004 1992 1019 2055 I
1043 1997 1080 2057 8:
1109 1993 1185 2077 „qui
1201 1993 1264 2077 ipsi
1283 1993 1454 2071 viderant,

280 2101 403 2186 quique
440 2123 459 2161 a
495 2098 691 2183 parentibus
716 2104 951 2183 acceperant.“
1008 2099 1131 2184 Neque
1157 2112 1268 2162 tamen
1294 2101 1351 2163 illo
1376 2100 1454 2164 loco

279 2208 350 2271 solo
375 2207 607 2292 quaestionem
631 2218 780 2268 nostram
804 2207 982 2269 diiudicari
1007 2228 1141 2270 censeo

368 2341 417 2406 Ut
441 2357 521 2403 vero
546 2340 601 2403 illo
625 2341 700 2404 loco
725 2340 867 2402 Tacitus
891 2340 975 2402 dixit
999 2342 1084 2402 haec
1110 2361 1198 2416 esse,
1231 2361 1319 2424 quae
1352 2361 1456 2403 acce-

279 2449 394 2533 pisset,
420 2449 464 2510 ita
489 2448 561 2510 aliis
585 2447 668 2510 locis
703 2448 749 2510 ait
782 2469 817 2510 se
851 2469 917 2510 non
949 2447 1046 2531 plura
1075 2460 1133 2510 aut
1162 2468 1232 2511 rem
1257 2469 1324 2510 non
1349 2446 1454 2532 plane

280 2559 502 2642 comperisse:
538 2578 676 2641 „parum
707 2556 875 2638 comperi“
913 2557 955 2636 (e.
986 2558 1028 2638 9),
1064 2556 1246 2634 „hactenus
1273 2555 1452 2619 novimus“

281 2667 322 2745 (c.
358 2667 444 2746 35),
480 2663 591 2749 „quod
629 2675 665 2724 ut
704 2663 951 2745 incompertum
986 2663 1019 2724 in
1053 2663 1202 2725 medium
1240 2661 1451 2747 relinquam¹⁴

280 2774 322 2854 (c.
348 2774 413 2854 46).
439 2770 474 2834 Si
499 2772 570 2854 ipse
594 2771 628 2832 in
651 2768 835 2832 Germania
858 2768 988 2845 fuisset,
1014 2782 1105 2832 certe
1136 2769 1248 2854 aliquo
1284 2769 1363 2833 loco
1395 2792 1456 2833 ex-

279 2879 403 2963 pressis
428 2877 540 2941 verbis
564 2876 772 2960 scripsisset:
801 2874 994 2954 „Hactenus
1019 2888 1143 2939 terram
1167 2878 1238 2961 ipse
1271 2877 1364 2940 vidi“
1397 2877 1455 2940 vel

284 2988 391 3066 „hunc
408 3007 536 3048 morem
553 2984 668 3069 populi
693 2985 765 3067 ipse
781 3005 942 3067 praesens
960 2985 1164 3070 cognovi“,2
1184 2984 1454 3070 addidissetque,

281 3094 467 3156 siluisset:
497 3114 652 3171 „munere
677 3093 847 3175 praetorio
871 3092 1064 3176 praeditus“
1091 3092 1145 3154 vel
1177 3105 1277 3170 „tunc
1308 3092 1453 3177 legionis

282 3201 456 3287 legatus“;
481 3200 608 3263 addere
632 3201 752 3282 potuit,
777 3213 813 3262 ut
837 3200 946 3262 annal.
971 3197 1021 3261 XI
1049 3204 1103 3276 11,
1139 3210 1319 3284 postquam
1354 3220 1454 3284 prae-

282 3319 390 3370 torem
428 3329 464 3370 se
500 3307 605 3370 fuisse
630 3308 915 3383 commemoravit,
942 3307 1034 3383 tecit,
1063 3307 1175 3393 „quod
1199 3327 1266 3369 non
1290 3306 1452 3369 iactantia

282 3415 404 3490 refero,
441 3415 501 3478 sed
536 3427 571 3477 ut
606 3415 639 3476 in
675 3414 774 3477 rebus
809 3416 900 3477 varie
937 3415 1068 3477 traditis
1104 3414 1216 3478 verbis
1251 3413 1335 3476 meis
1367 3413 1452 3476 fides

281 3521 478 3587 habeatur.3
501 3522 571 3586 Sed
596 3522 674 3584 nihil
699 3522 862 3584 eiusmodi
887 3522 985 3596 dicit;
1011 3523 1110 3584 immo
1136 3521 1178 3584 de
1196 3519 1352 3584 omnibus
1374 3541 1453 3604 par-

282 3629 370 3692 tibus
394 3631 421 3693 si
445 3652 511 3694 non
537 3631 657 3693 eadem
686 3629 800 3713 copia,
826 3641 860 3691 at
888 3628 1009 3691 eadem
1042 3629 1284 3714 perspicuitate
1317 3625 1453 3690 dicendi

374 3879 380 3906 ¹
402 3881 566 3944 Philologus
587 3882 619 3930 26
639 3897 665 3943 p.
688 3882 746 3929 163.

371 3967 436 4019 ‘²ct.
456 3970 561 4018 Plinius
586 3970 666 4019 XXII
697 3973 727 4019 8:
760 3986 843 4033 quem
872 3984 979 4017 morem
1013 3969 1096 4016 etiam
1129 3984 1201 4016 nunc
1240 3968 1340 4018 durare
1378 3967 1451 4032 apud

283 4060 439 4110 Germanos
459 4061 527 4108 sci0.

371 4164 381 4193 ³
401 4166 471 4216 Sunt
491 4168 572 4227 enim,
586 4167 633 4229 qui
653 4172 751 4228 putent
763 4167 894 4215 Tacitum
914 4178 968 4212 non
989 4165 1089 4214 dixisse
1109 4181 1139 4215 se
1159 4168 1249 4230 ipsum
1263 4167 1290 4213 in
1302 4165 1451 4217 Germania

282 4257 377 4325 fuisse,
397 4261 427 4305 ut
446 4256 597 4306 iactantiae
617 4255 751 4305 invidiam
772 4257 899 4306 evitaret.
