2978 4988
645 375 865 437 ..43-

260 567 387 632 Plinius
412 568 531 631 vividis
556 567 723 632 coloribus
747 568 901 654 depingit
918 569 1098 653 imaginem
1123 569 1340 644 miseriarum,

184 677 293 763 [uibus
317 697 499 762 oppressos
512 675 671 739 Chaucos
695 677 800 739 vitam
823 676 1039 740 iniucundam
1056 677 1149 739 iuxta
1163 676 1340 740 Oceanum

184 783 335 870 legentes
358 784 431 867 ipse
454 783 605 857 viderat;
630 783 709 845 nihil
734 783 816 846 dicit
839 783 882 846 de
908 784 945 847 iis
963 783 1122 860 ChauciS,
1139 784 1195 868 qui
1220 783 1340 846 remoti

185 888 212 955 ‚b
239 889 379 954 Oceano
403 890 435 951 in
460 890 618 953 interiore
644 902 733 953 terra
758 889 976 964 habitabant3
1002 891 1063 953 hos
1087 911 1154 953 non
1178 889 1338 974 piscibus

186 998 231 1062 ed
254 998 386 1083 pecude
410 1010 444 1061 et
467 998 566 1072 lacte,
591 1009 627 1060 ut
650 996 817 1072 finitimos,
843 998 965 1060 vixisse
989 1010 1252 1060 consentaneum
1278 1010 1338 1060 est.

186 1105 312 1169 Tacitus
335 1126 417 1168 vero
440 1116 622 1190 postquam
646 1104 689 1166 de
713 1106 795 1167 sede
820 1126 861 1169 ac
885 1103 1006 1168 finibus
1030 1103 1246 1169 Chaucorum
1271 1127 1339 1168 non

188 1212 251 1276 atis
275 1224 368 1276 certa
393 1212 542 1287 tradidit,
565 1211 728 1297 populum
752 1233 826 1274 esse
850 1212 896 1274 ait
920 1213 1007 1275 inter
1030 1211 1220 1275 Germanos
1245 1210 1340 1275 nobi-

190 1319 348 1383 ssimum:
378 1319 647 1403 potentissimum
683 1330 716 1380 et
750 1319 969 1382 fortissimum
1001 1320 1213 1405 eundemque
1244 1320 1340 1404 pacis

190 1426 432 1489 mantissimum
465 1438 498 1488 et
529 1426 754 1488 iustissimum.
811 1426 916 1502 Quod
951 1426 1109 1490 iudicium
1144 1439 1180 1489 ut
1209 1428 1339 1490 faceret

190 1533 332 1610 Tacitus,
369 1532 500 1596 duabus
536 1533 744 1617 potissimum
782 1534 891 1597 causis
928 1547 1115 1597 commotus
1151 1556 1224 1597 esse
1260 1534 1339 1596 mihi

191 1641 315 1717 idetur,
339 1662 482 1726 quarum
506 1663 571 1704 una
596 1642 681 1704 haec
707 1653 775 1704 est:

259 1747 399 1810 Tiberio
433 1748 520 1811 duce
569 1760 747 1832 „receptae
788 1759 882 1810 erant
919 1747 1135 1811 Chaucorum
1175 1749 1338 1811 nationes.

192 1856 289 1918 lmnis
325 1876 439 1918 eorum
476 1856 640 1931 iuventuS,
677 1855 805 1918 infinita
830 1877 978 1930 numeru,
1014 1867 1092 1917 ante
1128 1855 1339 1939 imperatoris

193 1960 349 2025 rocubuit
375 1960 538 2025 tribuual“
566 1961 667 2044 (Vell.
693 1960 722 2023 ll
769 1964 835 2043 06).
868 1960 969 2023 Anno
994 1983 1026 2045 p.
1057 1960 1137 2024 Chr.
1166 1967 1215 2025 14.
1240 1983 1339 2045 prae-

195 2068 253 2131 dia
278 2067 510 2131 Romanorum
534 2070 565 2131 in
592 2067 740 2132 Chaucis
766 2069 869 2131 fuisse
903 2091 945 2131 ex
969 2068 1082 2131 Taciti
1107 2066 1230 2130 Annal.
1257 2066 1269 2128 l
1297 2073 1337 2133 38

195 2174 395 2260 rtellegitur3
419 2176 452 2238 in
470 2175 565 2238 bellis
581 2198 601 2238 a
618 2174 821 2238 Germanico
838 2176 944 2261 gestis
961 2173 1120 2238 Chaucos
1136 2198 1156 2237 a
1174 2174 1338 2239 Romanis

199 2282 301 2345 etisse
324 2281 466 2345 Tacitus
502 2282 625 2345 Annal.
661 2283 675 2345 Ι
716 2287 757 2347 60
782 2295 815 2345 et
840 2282 869 2344 ll
897 2286 933 2346 17
961 2282 1072 2344 tradit.
1124 2281 1242 2366 ltaque
1272 2305 1338 2345 non

200 2389 288 2451 irum
322 2389 456 2452 videtur
491 2402 559 2452 tam
594 2388 720 2453 bonum
755 2391 915 2452 iudicium
949 2390 1064 2453 facere
1100 2388 1259 2450 Tacitum
1296 2389 1338 2451 de

198 2496 328 2572 baucis,
352 2516 429 2559 cum
453 2497 495 2560 de
520 2496 702 2561 Cheruscis
727 2499 768 2579 (c.
794 2500 848 2579 36)
873 2510 942 2559 tam
966 2498 1114 2581 iniquam
1151 2496 1240 2558 ferat
1264 2517 1339 2558 sen-

202 2603 319 2679 ntiam,
358 2604 486 2667 scilicet
527 2604 619 2689 quod
658 2604 787 2667 Varum
828 2617 962 2688 tresque
1002 2625 1078 2666 cum
1115 2625 1156 2665 eo
1187 2603 1338 2688 legiones

200 2710 416 2773 heruscorum
450 2711 520 2773 dux
543 2709 716 2774 Arminius
741 2711 905 2774 Romanis
937 2710 1132 2786 abstulerat,
1150 2731 1254 2794 quare
1280 2731 1337 2773 eos

202 2837 271 2878 tam
293 2816 531 2881 infirmissimos
556 2839 629 2880 esse
653 2817 823 2881 volebant.
871 2817 939 2881 Sed
964 2818 1105 2880 alteram
1129 2803 1276 2893 causam,
1301 2830 1337 2880 ut

203 2923 310 2986 acitus
341 2922 498 2987 Chaucos
529 2946 653 3010 magna
685 2926 888 2988 auctoritate
921 2926 1124 3010 summisque
1159 2923 1336 2987 virtutibus

204 3042 328 3093 urentes
352 3032 584 3115 praedicaret,
615 3054 681 3094 non
715 3033 821 3094 minus
853 3032 996 3094 valuisse
1029 3032 1182 3095 arbitror.
1230 3030 1338 3094 Grae-

206 3158 288 3198 »rum
313 3138 400 3200 enim
432 3139 575 3224 vestigia
608 3140 715 3202 secuti
747 3138 790 3201 ab
823 3139 971 3224 Augusti
1005 3138 1212 3224 temporibus
1244 3139 1338 3201 multi

207 3243 325 3318 omani,
364 3243 525 3328 imprimis
564 3247 595 3320 ii,
635 3247 692 3331 qui
734 3245 925 3309 Stoicorum
963 3247 1195 3331 philosophiae
1232 3245 1337 3309 dediti

208 3361 275 3427 ant,
299 3372 409 3414 mores
433 3353 555 3414 civium
581 3354 680 3415 nimia
704 3353 834 3415 luxuria
868 3366 1045 3437 corruptos
1079 3353 1337 3437 libertatemque

208 3456 217 3518 i
241 3457 396 3540 publicae
421 3459 577 3522 amissam
602 3460 755 3522 dolentes
788 3482 855 3522 non
887 3459 994 3521 solum
1025 3459 1336 3545 Hyperboreorum,

210 3565 383 3652 :ytharum‚
408 3566 582 3643 Getarum,
607 3568 668 3630 sed
693 3568 794 3630 etiam
819 3567 1083 3644 Germanorum,
1119 3569 1175 3652 qui
1210 3580 1243 3630 et
1274 3568 1337 3651 ipsi

210 3692 260 3734 ms
283 3671 390 3757 Alpes
414 3675 447 3736 in
471 3674 664 3760 regionibus
688 3675 749 3737 illis
773 3674 1092 3758 septentrionalibus
1126 3673 1335 3750 habitabant,

213 3779 329 3842 ertatis
355 3802 514 3858 amorem,
539 3782 782 3858 fortitudinem,
808 3783 897 3844 vitae
923 3781 1180 3866 simplicitatem,
1205 3804 1335 3844 morum
1425 3829 1427 3833 ,

212 3886 379 3949 actitatem
403 3887 558 3951 laudibus
584 3889 767 3951 efferentes
791 3888 863 3950 illos
887 3889 1032 3973 populos
1057 3887 1176 3951 beatos
1200 3888 1336 3972 praedi-

212 3990 326 4056 bant.l
373 3994 478 4070 Quod
503 4016 579 4059 cum
596 3996 737 4058 Tacitus
762 3996 794 4057 in
818 3996 930 4079 priore
954 3995 1056 4058 libelli
1073 4007 1170 4079 parte
1189 3995 1335 4057 omnium

255 4161 265 4190 ¹
284 4164 318 4214 cf.
337 4163 467 4215 Lucanus
488 4167 540 4215 VH
559 4168 610 4216 432
630 4182 697 4230 sqq,
718 4166 824 4214 Seneca
845 4165 878 4214 de
898 4169 938 4214 ira
958 4167 971 4214 Ι
993 4168 1051 4228 11‚2
1070 4167 1096 4215 ΙΙ
1118 4169 1185 4227 15‚1‚
1212 4167 1246 4215 de
1272 4182 1337 4230 pro-

214 4254 288 4301 entia
308 4255 377 4314 4,12.
