2978 4988
626 354 847 424 ,49ῌ

239 555 339 620 Haec
362 554 466 619 habui
490 555 532 618 de
556 552 787 639 scriptoribus,
813 554 870 639 qui
893 566 972 617 ante
989 555 1147 618 Tacitum
1172 556 1214 619 de
1239 551 1324 618 Ger-

185 663 259 726 anis
306 663 530 746 scripserunt,
569 682 657 746 quae
696 661 855 724 dicerem.
895 697 939 706 -
977 660 1133 724 Vidimus
1173 662 1323 724 hausisse

187 770 310 834 scitum
334 790 385 832 ex.
407 768 549 831 duorum
583 768 795 853 potissimum
826 766 928 844 libris,
960 766 1118 831 Caesaris
1150 780 1183 830 et
1214 767 1322 830 Plinii.

189 884 266 962 tque
292 875 448 940 Caesaris
472 874 564 938 libris
588 875 683 959 quasi
716 873 938 936 fundamento
970 895 1048 936 usus
1081 896 1147 936 non
1173 875 1322 960 neglexit

191 983 303 1059 acituS,
327 1003 414 1067 quae
438 982 480 1045 de
505 980 684 1044 Germanis
720 980 928 1043 tradiderant
953 981 1008 1043 alii
1032 981 1194 1065 deinceps
1218 983 1324 1066 scrip·

192 1108 251 1166 res,
264 1088 440 1154 Sallustius
465 1088 625 1172 imprimis
650 1100 683 1150 et
695 1086 830 1161 Livius;
856 1108 997 1171 quorum
1021 1089 1208 1150 studiosum
1233 1089 1321 1151 illum

192 1193 253 1260 isse
264 1196 425 1260 orationis
443 1194 660 1258 similitudine
670 1192 921 1278 comprobatur,
931 1215 1006 1257 cum
1018 1195 1049 1255 in
1066 1193 1224 1257 Sallustio
1238 1197 1323 1258 haec

189 1304 276 1388 genii
299 1302 442 1366 accedat
466 1301 658 1377 similitud0,
683 1313 719 1363 ut
743 1301 959 1385 pristinorum
984 1313 1174 1385 temporum
1207 1313 1241 1364 et
1274 1304 1323 1364 in-

184 1410 314 1474 altarum
337 1410 491 1496 gentium
515 1409 603 1472 vitae
628 1429 826 1492 morumque
860 1407 1109 1492 simplicitatem
1133 1408 1319 1492 praedicet,

183 1516 242 1580 tod
264 1515 425 1580 Tacitum
456 1516 490 1578 in
513 1514 693 1578 Germanis
727 1515 850 1578 fecisse
883 1516 1046 1578 videmus.
1093 1515 1169 1578 Hac
1201 1515 1322 1578 eadem

181 1634 262 1686 tem
285 1645 321 1686 re
345 1623 476 1687 lactum
500 1634 561 1698 est,
593 1633 630 1685 ut
654 1621 797 1685 Tacitus
829 1643 1069 1706 nonnunquam
1101 1623 1276 1685 dissentiat
1301 1644 1321 1685 a

183 1729 267 1808 inio,
292 1731 350 1816 qui
373 1731 494 1807 omnia,
521 1751 608 1815 quae
635 1743 704 1792 tum
730 1729 773 1792 de
797 1729 976 1792 Germanis
1008 1742 1089 1792 nota
1123 1743 1219 1792 erant
1250 1730 1322 1792 Ro-

185 1837 423 1912 1nis‚'videtur
446 1838 742 1921 comprehendisse
767 1835 858 1899 libris
891 1837 970 1913 suiS,
1003 1851 1040 1899 ut
1073 1859 1115 1900 ex
1146 1839 1185 1900 iis
1220 1837 1320 1922 longe

188 1945 291 2008 urima
315 1945 463 2009 hauserit
488 1944 642 2008 Tacitus,
690 1944 790 2021 Quae
816 1943 941 2007 Graeci
971 1945 1183 2028 potissimum
1216 1944 1322 2028 scrip-

191 2073 238 2114 res
261 2053 304 2116 de
329 2053 458 2139 origine
481 2053 593 2138 gentis
619 2064 796 2137 terraeque
821 2065 993 2114 extremae
1026 2062 1146 2114 natura
1173 2051 1321 2114 tradide-

193 2170 235 2236 nt,
248 2180 359 2222 rerum
375 2160 442 2224 fide
460 2180 576 2223 carere
597 2161 729 2243 putavit
752 2160 785 2220 in
805 2160 951 2222 omnium
975 2181 1085 2222 rerum
1107 2179 1227 2222 causas
1249 2159 1320 2242 ipse

196 2267 327 2350 quirem.
352 2266 401 2330 Ut
417 2288 498 2330 vero
515 2267 634 2342 omisit,
652 2287 739 2350 quae
753 2288 773 2329 a
790 2265 1010 2349 scriptoribus
1021 2267 1145 2330 tradita
1155 2266 1199 2329 ad
1209 2288 1320 2328 mores

198 2393 394 2437 ermanorum
425 2373 682 2459 cognoscendos
716 2394 782 2435 non
816 2374 984 2456 pertinere
1018 2372 1237 2448 videbantur,
1271 2374 1319 2436 ita

199 2477 271 2544 iecit
295 2480 465 2557 nonnulla,
489 2502 577 2566 quae
602 2481 757 2565 ignorata
781 2502 801 2543 a
835 2479 1055 2564 scriptoribus
1089 2481 1160 2564 ipse
1193 2502 1235 2542 ex
1268 2502 1320 2542 re-

200 2587 352 2651 ntioribus
375 2587 448 2651 aliis
472 2587 623 2650 fontibus
650 2599 869 2673 cognoverat.

236 3031 406 3118 Sequitur,
430 3045 467 3097 ut
490 3033 533 3097 de
558 3033 629 3097 aliis
653 3034 815 3110 lontibus,
840 3057 882 3098 ex
908 3033 1029 3119 quibus
1053 3033 1205 3109 Tacitus
1231 3058 1317 3122 quae

224 3140 289 3202 situ
322 3161 362 3203 ac
395 3141 529 3225 populis
553 3141 756 3204 Germaniae
790 3141 940 3217 tradidit,
972 3143 1122 3205 hausisse
1153 3144 1318 3222 videatur,

197 3263 259 3310 uca
282 3247 443 3311 dicamus.

236 3353 319 3416 lnde
343 3375 363 3416 a
391 3353 548 3418 Caesaris
579 3354 787 3439 temporibus
820 3354 967 3418 Romani
999 3356 1038 3418 iis
1069 3355 1317 3422 Germanorum

193 3459 316 3539 ntibuS,
339 3483 427 3547 quae
453 3463 486 3525 in
510 3463 642 3526 sinistra
666 3463 780 3526 Rheni
805 3465 879 3548 ripa
903 3464 1138 3540 consederant,
1168 3465 1317 3529 subactis

197 3562 396 3631 interiorem
420 3569 639 3633 Germaniam
663 3584 843 3655 penetrare
861 3573 1105 3658 imperiumque
1123 3596 1316 3660 propagare

191 3671 357 3739 (luerunt.
412 3675 509 3740 Ubiis
555 3699 617 3761 per
655 3677 847 3763 Agrippam
890 3700 1011 3763 ,super
1050 3680 1157 3763 ipsam
1204 3680 1317 3744 Rheni

190 3795 253 3844 am
278 3782 469 3869 collocatis“
496 3797 677 3868 postquam
700 3785 830 3848 Drusus
855 3799 889 3848 et
905 3785 1062 3849 Tiberius
1085 3799 1206 3871 gentes
1230 3789 1317 3850 inter

189 3903 252 3966 pes
286 3890 547 3976 Danuviumque
582 3891 775 3955 habitantes
810 3893 1022 3968 domuerunt,
1058 3893 1189 3956 Drusus
1226 3909 1317 3958 trans

189 4013 303 4060 tenum
330 4019 406 4060 cum
423 3998 627 4063 exercitibus
652 4001 684 4063 in
701 4000 919 4064 Germaniam
936 4003 1127 4085 penetravit
1151 4016 1184 4064 et
1210 4003 1316 4066 classe

189 4094 325 4167 lineata
353 4104 548 4184 ,Oceanum
572 4109 769 4191 temptavit“
794 4109 984 4193 multasque
1002 4109 1126 4171 insulas
1144 4111 1337 4194 cognovit,¹

189 4224 248 4291 tue
273 4212 306 4275 in
324 4203 466 4278 ¹fiumina
498 4214 651 4279 invectus
680 4214 859 4280 Germanis
883 4215 1008 4283 bellum
1040 4217 1149 4280 intulit
1180 4217 1239 4300 (ci.
1265 4238 1315 4283 ce.

1104 4345 1120 4392 4
