2994 4988
569 75 788 140 ..19d

180 271 381 336 Probantur
404 270 517 333 Taciti
541 268 653 333 verbis
678 291 728 345 ea,
752 291 840 354 quae
865 269 994 333 Caesar
1017 271 1060 334 de
1085 292 1265 356 corporum

85 377 325 466 magnitudine
349 388 383 440 et
407 375 540 453 robore,
557 376 600 439 de
618 375 754 438 terribili
771 376 944 440 oculorum
969 378 1052 453 acie,
1070 377 1113 440 de
1129 378 1265 464 frigoris

86 486 258 571 patientia
275 484 396 559 tradit3
413 484 508 547 addit
519 482 660 546 Tacitus
677 483 850 546 oculorum
867 495 900 546 et
918 504 1089 547 comarum
1107 485 1265 560 colorem,

86 613 167 656 cum
193 592 330 679 trigoris
355 593 470 677 (atque
495 589 640 672 inediae)
656 590 840 674 patientiae
866 603 1017 675 opponat
1034 604 1148 654 aestus
1166 593 1265 674 (sitis-

86 702 173 785 que)
199 699 456 785 impatientiam,
481 698 524 760 de
550 719 616 782 qua
640 696 775 759 uberius
800 717 828 760 c.
855 702 896 761 22
920 710 954 760 et
986 703 1027 778 23
1052 700 1143 784 agit3
1168 721 1266 783 prae-

86 818 189 870 terea
213 806 399 875 Caesarem
423 804 543 868 leviter
578 804 751 888 corrigens
775 803 856 867 dicit
890 825 1036 889 ⁴corpora
1067 819 1195 869 tantum
1221 807 1265 870 ad

85 914 256 998 impetum
280 912 392 975 valida
424 932 509 987 esse,
541 909 665 974 laboris
701 923 802 994 atque
839 932 978 995 operum
1014 935 1081 975 non
1121 914 1265 977 eandem

86 1041 165 1083 esse
190 1019 401 1104 patientiam,
426 1018 469 1082 de
494 1039 562 1102 qua
585 1039 621 1080 re
646 1018 743 1101 plura
767 1017 811 1080 ad
835 1018 947 1081 Taciti
973 1040 1002 1082 e.
1032 1024 1070 1084 15
1103 1021 1263 1084 dicemus

88 1128 186 1213 (pag.
213 1127 280 1208 26.)
304 1125 380 1188 Hoc
406 1125 482 1189 loco
505 1125 540 1188 id
568 1147 671 1187 unum
695 1125 783 1200 dico,
816 1146 882 1189 non
914 1127 1033 1189 mirum
1065 1148 1149 1204 esse,
1174 1128 1265 1212 quod

87 1233 235 1297 Tacitus
259 1231 449 1296 Germanos
473 1233 678 1309 accuratius,
703 1250 806 1318 quam
830 1232 960 1296 Caesar
984 1248 1134 1297 noverat.

181 1340 236 1404 De
267 1347 410 1426 pugnae
440 1360 569 1425 genere
603 1360 690 1424 quae
714 1339 856 1402 Tacitus
891 1361 917 1402 c.
942 1340 974 1403 ό.
1008 1341 1122 1417 tradit,
1158 1342 1265 1403 minus

90 1446 180 1512 bene
206 1448 342 1511 confert
358 1446 506 1532 Koepke
532 1467 607 1509 cum
632 1446 682 1509 his
707 1445 865 1510 Caesaris
890 1445 1002 1510 verbis
1020 1447 1072 1530 (B.
1090 1446 1133 1511 G.
1152 1447 1204 1509 IV
1221 1451 1264 1531 2):

96 1553 340 1640 ,Equestribus
363 1555 498 1638 proeliis
522 1575 625 1638 saepe
657 1576 699 1617 ex
725 1554 818 1638 equis
855 1554 1011 1617 desiliunt
1046 1575 1087 1618 ac
1121 1555 1266 1639 pedibus

10 1664 13 1715 ἶ
96 1662 312 1744 proeliantur,
326 1683 499 1748 equosque
517 1662 637 1724 eodem
655 1683 828 1724 remanere
843 1663 986 1747 vestigio
998 1663 1265 1740 assuefecerunt,

13 1796 16 1801 ·
99 1769 140 1832 ad
156 1791 241 1856 quos
266 1791 301 1833 se
327 1769 491 1845 celeriter,
509 1790 585 1832 cum
609 1790 688 1832 usus
713 1780 774 1845 est,
793 1770 987 1854 recipiunt.“
1026 1770 1137 1833 Multo
1154 1772 1265 1855 aptius

10 1914 23 1951 2.
105 1889 336 1963 comparantur
359 1898 409 1952 ea,
434 1898 522 1962 quae
547 1875 676 1940 Caesar
699 1876 738 1939 B.
764 1876 806 1941 G.
841 1875 854 1938 l
886 1881 927 1943 48
960 1877 1002 1941 de
1034 1878 1088 1940 illa
1112 1900 1148 1941 re
1173 1879 1264 1942 dicit.

225 1970 389 2048 Caesar
412 1983 451 2046 B.
477 1982 519 2048 G.
883 1984 1079 2048 Tacitus

754 2096 782 2156 6.
809 2092 839 2153 in
865 2093 1055 2155 universum
1077 2093 1266 2155 aestimanti

707 2198 783 2282 plus
807 2220 911 2282 penes
934 2199 1085 2282 peditem
1118 2198 1265 2274 roboris3

709 2327 817 2390 eoque
831 2306 925 2368 mixti
942 2306 1159 2389 proeliantur,
1185 2320 1265 2391 apta

708 2425 742 2476 et
767 2426 975 2498 congruente
1006 2414 1052 2477 ad
1075 2428 1267 2499 equestrem

707 2542 859 2605 pugnarn
888 2521 1068 2584 velocitate
1104 2524 1266 2606 peditum,

708 2649 793 2712 quos
818 2648 860 2690 ex
893 2629 983 2691 omni
1012 2629 1183 2693 iuventute
1207 2624 1267 2693 de-

707 2734 814 2798 lectos
839 2748 917 2799 ante
935 2738 1042 2800 aciem
1059 2738 1181 2800 locant.
1208 2738 1267 2801 de-

42 2060 52 2085 1

146 2088 160 2152 l
180 2097 230 2158 48.
256 2091 373 2156 Genus
390 2092 456 2155 hoc
473 2103 545 2155 erat
568 2112 655 2176 pug-

10 2096 71 2379 lffi)
114 2211 174 2274 nae,
203 2221 270 2284 quo
303 2221 339 2262 se
364 2197 526 2262 Germani
558 2220 655 2261 exer-

12 2287 52 2387 *ss
114 2315 246 2369 cuerant.
272 2305 435 2390 Equitum
452 2304 541 2368 milia
558 2317 654 2369 erant

10 2398 53 2709 7
106 2419 168 2486 Sex,
193 2413 334 2477 totidem
357 2434 497 2475 numero
521 2413 654 2496 pedites

10 2520 48 2541 ·
99 2513 294 2584 velocissimi
312 2541 353 2584 ac
367 2520 551 2596 fortissimi,
568 2541 653 2604 quos

10 2622 14 2626 ’
87 2627 121 2676 ex
152 2628 251 2690 omni
276 2627 376 2712 copia
400 2627 522 2713 singuli
540 2628 654 2712 singu-

10 2722 14 2775 -²
76 2709 117 2783 ¹⁰⁸
161 2754 249 2798 suae
281 2734 397 2798 salutis
430 2755 532 2797 causa
563 2735 654 2798 dele-

66 2838 232 2905 gerant:
258 2862 336 2905 cum
371 2842 422 2904 his
454 2841 486 2902 in
518 2843 653 2927 proeliis

64 2945 343 3013 versabantur.
370 2997 377 3013 .
403 2974 431 3023 .;
455 2950 482 3012 si
495 2971 563 3035 quo
580 2961 653 3012 erat

58 3031 226 3138 lOllgius
281 3052 538 3142 procedendum
595 3071 653 3120 aut

59 3145 237 3228 Celerius
272 3164 522 3248 recipiendum,
555 3176 653 3247 ¹tanta

59 3269 165 3328 erat
183 3271 300 3334 horum
313 3271 556 3334 exercitatione
566 3270 653 3334 cele-

60 3357 188 3453 ῐὶῖᾶε,
210 3391 247 3441 ut
271 3377 372 3441 iubis'
389 3399 552 3463 equorum
576 3378 653 3442 sub-

63 3463 199 3547 levati
221 3507 354 3550 cursum
378 3486 621 3570 adaequarent.

707 2843 820 2907 finitur
855 2857 888 2907 et
923 2864 1099 2908 numerus:
1133 2847 1265 2907 centeni

708 2973 751 3012 ex
775 2951 913 3036 singulis
938 2953 1036 3037 pagis
1053 2965 1140 3028 sunt,
1164 2951 1265 3037 idque

708 3059 817 3142 ipsum
852 3060 939 3122 inter
974 3082 1052 3122 suos
1091 3072 1265 3136 vocantur,

709 3178 742 3228 et
767 3166 857 3251 quod
883 3168 990 3250 primo
1009 3189 1167 3230 numerus
1192 3169 1265 3242 fuit,

708 3273 774 3335 iam
797 3296 919 3336 nomen
945 3287 978 3335 et
1004 3275 1110 3336 honor
1134 3288 1193 3337 est.

187 3610 255 3675 Res
279 3624 314 3675 et
338 3611 442 3674 verba
467 3613 631 3676 simillima
656 3627 750 3687 sunt;
775 3613 916 3676 Tacitus
947 3625 1060 3676 autem
1094 3615 1136 3677 de
1168 3616 1265 3678 solito

76 3707 247 3785 peditum
272 3741 411 3782 numero
436 3733 469 3782 et
494 3721 620 3783 honore
650 3723 896 3785 accuratiorem
929 3723 1080 3784 notitiam
1107 3721 1264 3786 habebat.

84 3806 124 3870 Ῑῐὶ
158 3828 447 3910 comparationem
470 3830 585 3891 vocari
608 3842 749 3913 possunt
774 3843 952 3913 praeterea
984 3832 1069 3894 haec
1095 3833 1265 3914 utriusque

10 3942 12 3949 ·
95 3923 267 4014 scriptoris
291 3935 334 3999 de
359 3936 480 3999 eadem
505 3959 540 3998 re
566 3936 687 4000 verba:

1054 4063 1085 4114 ‘2ss
