2978 4988
684 353 904 415 -13..

185 555 237 621 Ι3.
263 554 293 615 8.
327 553 379 613 2ῖ.
415 553 466 612 28.
502 552 554 610 33.
589 550 641 610 34.
673 550 725 609 41.
759 526 825 627 lb),
851 544 983 630 quibus,
1008 566 1095 630 quae
1120 543 1163 608 ab
1187 543 1382 608 auctoribus

186 634 334 720 'tradita
368 666 474 729 erant,
506 653 609 736 ipsius
642 653 765 715 iudicio
800 653 1043 714 examinantur.
1091 651 1233 713 Tacitus
1258 650 1382 713 nonin

211 760 251 826 eo
275 782 415 825 numero
440 760 641 844 scriptorum
666 758 842 822 habendus
867 771 929 834 est,
946 759 1003 843 qui
1020 779 1107 842 quae
1125 770 1244 820 auctor
1269 758 1381 834 tradit,

214 870 259 934 ad
284 868 424 932 verbum
450 867 658 930 transtulisse
683 867 764 929 satis
787 863 925 942 habent,
948 865 1009 928 sed
1032 865 1065 927 in
1089 886 1228 928 numero
1257 886 1384 942 eorum,

208 979 267 1063 qui
303 976 452 1040 auctoris
487 974 591 1037 verba
624 986 745 1059 suapte
781 974 894 1058 ingeni
929 974 961 1035 vi
997 985 1031 1034 et
1071 984 1143 1034 arte
1170 960 1382 1047 examinata,

209 1086 329 1160 electa,
363 1096 475 1159 aucta,
506 1095 659 1145 correcta
691 1082 842 1144 referunt
854 1084 874 1144 ¹.
926 1080 1130 1143 Rectissime
1162 1079 1275 1142 Taciti
1308 1077 1382 1142 libri

209 1202 449 1276 comparantur
473 1211 550 1252 cum
575 1189 694 1252 statuis
719 1210 761 1252 ex
786 1187 953 1272 lapidibus
971 1184 1177 1250 deformibus
1194 1198 1288 1249 tanta
1309 1198 1381 1249 arte

207 1299 383 1384 perlectis,
407 1312 444 1360 ut
468 1297 636 1382 ingenium
662 1295 800 1359 artificis
825 1317 867 1358 ex
891 1294 953 1358 illis
978 1295 1075 1380 quasi
1100 1294 1242 1357 eluceat.

217 1474 222 1482 ‚
297 1403 475 1488 Aufidium
500 1403 657 1480 Bassum,
682 1403 739 1488 qui
763 1404 1003 1486 imperatorum
1027 1402 1176 1486 priorum
1210 1403 1382 1466 historiam

210 1512 401 1597 „librosque
426 1511 504 1574 belli
528 1510 741 1574 Germanici“
769 1509 927 1589 (Quintil.
952 1509 987 1572 X
1022 1514 1050 1585 1,
1087 1512 1161 1592 108)
1187 1511 1380 1594 scripserat,

208 1642 275 1684 non
299 1620 451 1705 ignotum
475 1619 579 1682 luisse
595 1618 720 1681 Tacito
745 1639 787 1680 ex
804 1617 939 1702 Dialogi
965 1637 1039 1701 cap.
1066 1622 1117 1682 23.
1143 1629 1258 1702 patet:
1288 1618 1380 1702 „qui-

207 1726 271 1791 bus
296 1727 487 1811 eloquentia
513 1724 640 1788 Aufidii
673 1723 769 1787 Bassi
803 1736 861 1787 aut
885 1723 1016 1788 Servilii
1042 1723 1203 1787 Noniani
1223 1747 1266 1788 ex
1290 1745 1383 1788 com-

206 1835 384 1919 paratione
409 1832 571 1897 Sisennae
596 1846 654 1896 aut
678 1832 842 1895 Varronis
866 1831 1012 1894 sordet.“

298 1941 445 2024 Excepit
481 1939 654 2002 Aufidium
694 1937 731 2001 C.
768 1937 901 2000 Plinius
936 1937 1059 2001 Maior.
1118 1937 1188 2002 Sed
1225 1960 1301 2002 curn
1338 1961 1381 2001 ex

207 2048 308 2112 huius
333 2047 424 2110 libris
459 2047 629 2123 nonnulla,
654 2068 741 2131 quae
777 2047 819 2109 de
846 2045 1024 2109 Germanis
1061 2046 1210 2121 tradidit,
1246 2058 1381 2110 servata

208 2157 287 2232 sint,
312 2154 469 2218 Caesaris
508 2168 621 2217 autern
658 2153 888 2217 commentarii
928 2153 1050 2237 integri
1085 2166 1229 2228 exstent,
1264 2155 1383 2216 horum

209 2263 316 2327 verba
341 2282 417 2325 cum
433 2261 545 2324 Taciti
570 2260 797 2345 descriptione
822 2272 1071 2344 comparantes
1089 2282 1156 2345 qua
1174 2261 1304 2324 ratione
1329 2262 1383 2325 hic

211 2371 280 2433 llos
304 2381 441 2432 secutus
464 2370 506 2431 sit
530 2380 697 2444 auctoreS,
721 2367 834 2451 paullo
859 2367 994 2430 uberius
1019 2368 1238 2452 inquiramus.

298 2476 480 2540 Ordiamur
515 2476 617 2561 igitur
649 2474 692 2539 ab
729 2497 781 2552 e0,
817 2497 918 2560 quem
942 2476 1084 2539 Tacitus
1120 2477 1192 2561 ipse
1227 2477 1378 2540 nominat

218 2595 395 2660 meterem,

605 2652 647 2720 C.
672 2654 776 2721 Julio
803 2652 985 2720 Caesare.

300 2780 331 2844 Is
355 2792 536 2866 postquam
560 2802 648 2844 anno
673 2802 702 2843 a.
729 2779 809 2843 Chr.
834 2802 865 2842 n.
892 2785 943 2845 58.
970 2801 1046 2843 cum
1072 2801 1195 2865 magna
1220 2780 1275 2843 illa
1299 2779 1386 2843 mul-

232 2883 353 2950 itudine
378 2887 637 2962 Germanorum,
662 2887 718 2972 qui
744 2886 786 2949 ab
814 2884 976 2949 Arvernis
1000 2886 1236 2972 Sequanisque
1271 2909 1384 2951 arces-

236 2989 265 3054 iti
278 2994 449 3058 Ariovisto
466 2995 553 3058 duce
566 2995 725 3059 Rhenum
743 2995 943 3079 transgressi
968 2995 999 3056 in
1017 2993 1129 3058 Gallia
1147 2995 1382 3070 consederant,

233 3101 385 3164 onfiixit2
408 3101 581 3188 tribusque
606 3103 701 3164 annis
718 3114 795 3186 post
813 3122 888 3163 cum
907 3100 1104 3185 Usipetibus
1125 3101 1384 3187 Tencterisque,

220 3206 266 3280 ,ui
294 3231 314 3271 a
336 3207 457 3272 Suebis
482 3210 645 3295 exagitati
663 3221 697 3271 et
714 3210 804 3293 agris
822 3208 952 3292 expulsi
969 3208 1128 3270 Rhenum
1150 3210 1352 3272 transierant
1362 3214 1384 3288 ³,

214 3327 316 3378 onte
351 3317 383 3378 in
417 3315 540 3379 Rheno
576 3317 670 3380 facto
704 3337 780 3378 cum
816 3316 969 3378 exercitu
1009 3315 1059 3378 bis
1093 3316 1126 3377 in
1165 3315 1382 3381 Germaniam

201 3422 376 3486 ansiitt
423 3422 517 3486 Idem
541 3424 574 3486 in
599 3424 848 3487 commentariis
876 3423 937 3501 ,de
962 3422 1093 3486 Galliae
1111 3422 1383 3508 Germaniaeque

183 3527 361 3619 foribus
385 3542 419 3593 et
443 3552 510 3615 quo
535 3530 697 3593 differant
721 3531 784 3592 hae
809 3531 962 3593 nationes
978 3531 1065 3592 inter
1081 3536 1173 3592 sese“
1194 3531 1383 3614 exposuit5.

177 3622 349 3729 {uibus
383 3635 485 3699 rebus
519 3636 647 3700 Caesar
683 3638 778 3723 quasi
814 3638 1074 3700 fundamentum
1110 3637 1187 3700 iecit
1223 3638 1382 3701 historiae

174 3728 472 3819 {ex-manorum,
508 3757 542 3806 ut
579 3745 698 3806 mirum
734 3735 899 3821 videatur,
935 3744 1026 3829 quod
1060 3744 1315 3808 Mullenhoffius
1351 3747 1384 3808 in

173 3830 425 3871 'gx——
476 3840 479 3844 .

306 3883 314 3912 ¹
333 3887 435 3936 Nissen
454 3889 470 3939 l.
490 3889 506 3936 l.
528 3905 555 3952 p.
575 3890 634 3938 500.
656 3889 691 3938 cf.
710 3888 831 3937 Kettner
851 3890 867 3938 l.
887 3890 903 3936 l.
924 3904 948 3952 p.
970 3890 1029 3939 257.

306 3970 316 4000 ²
332 3975 400 4026 Bell.
420 3977 491 4027 Gall.
510 3978 531 4028 I.
552 3979 665 4028 31-54.

306 4061 363 4114 8Β.
384 4065 419 4116 G.
437 4066 486 4116 IV.
508 4068 603 4116 1-15.

305 4149 362 4204 ⁴13.
383 4155 417 4206 G.
435 4156 485 4205 ru.
507 4158 619 4217 16-19,
640 4157 687 4205 vr.
708 4158 732 4216 9,
755 4159 796 4217 ro,
817 4158 859 4206 29.

308 4238 364 4293 ὗΒ.
383 4244 418 4295 G.
440 4245 486 4297 VI.
508 4247 621 4296 11-28.
