2978 4988
643 298 842 359 ..8-

154 510 295 551 numero
320 510 378 550 eos
401 488 600 551 referendos
625 510 698 552 esse
724 489 933 553 demonstrat
962 492 1012 554 his
1046 492 1157 555 verbis
1182 496 1228 575 (e.
1256 496 1330 575 tal:

157 594 325 674 ,Peucini
357 617 442 680 quos
477 595 614 679 quidam
646 596 829 660 Bastarnas
861 611 996 674 vocant,
1028 621 1193 675 sermone,
1227 601 1331 676 cultu,

153 703 234 765 sede
260 723 300 765 ac
325 702 501 765 domiciliis
525 714 561 765 ut
586 702 747 766 Germani
771 717 896 790 agunt;
922 704 1096 768 connubiis
1120 707 1236 769 mixtis
1264 730 1331 769 non

153 810 233 871 nihil
256 811 289 871 in
314 809 544 873 Sarmatarum
568 809 720 873 habitum
744 812 935 874 foedantur.
975 813 1107 875 Tamen
1133 813 1221 875 inter
1244 814 1333 877 Ger-

154 938 271 979 manos
310 918 422 1001 potius
453 917 666 994 referuntur,
698 919 776 1002 quia
809 930 843 981 et
875 919 993 982 domos
1024 920 1132 1005 figunt
1164 934 1197 982 et
1231 934 1332 984 scuta

154 1036 291 1107 gestant
317 1036 351 1086 et
376 1024 502 1107 pedum
527 1046 588 1087 usu
613 1045 654 1088 ac
682 1026 883 1109 pernicitate
907 1026 1076 1111 gaudent:
1101 1048 1188 1111 quae
1215 1030 1334 1090 omnia

155 1130 288 1193 diversa
325 1130 487 1194 Sarmatis
523 1143 601 1193 sunt
644 1132 675 1193 in
711 1132 862 1216 plaustro
899 1154 1055 1218 equoque
1080 1133 1273 1197 viventibus
1288 1139 1329 1197 ¹.“

152 1236 332 1300 Domicilia
368 1250 482 1301 autem
525 1258 565 1301 ac
601 1239 699 1301 sedes
735 1239 910 1323 cultusque
947 1240 1193 1303 Germanorum
1229 1265 1334 1326 prae-

154 1344 253 1428 cipue
277 1345 310 1406 in
334 1342 436 1407 libelli
461 1366 511 1408 cc.
540 1349 667 1410 16—26
693 1344 828 1409 uberius
853 1346 1098 1409 describuntur.

243 1468 305 1531 His
330 1468 483 1532 omnibus
508 1472 671 1554 reputatis
696 1492 736 1533 eo
761 1471 972 1548 adducimur,
996 1486 1033 1534 ut
1058 1494 1174 1535 eorum
1191 1487 1333 1536 senteu-

157 1576 237 1637 tiam
261 1575 454 1659 probemus,
473 1578 530 1662 qui
554 1577 644 1641 illam
661 1579 925 1661 descriptionem
942 1601 983 1642 ex
1005 1579 1152 1643 Sallustii
1169 1580 1332 1643 Historiis

153 1683 364 1766 potissimum
388 1684 544 1747 haustam
568 1705 641 1748 esse
666 1683 881 1750 arbitrantur.

243 1806 348 1883 Quod
384 1806 561 1871 Sallustius
606 1808 764 1872 Caesaris
810 1811 852 1873 de
890 1811 1136 1874 Germanorum
1177 1812 1332 1876 moribus

154 1914 417 1998 descriptionem
442 1916 575 1978 novisse
601 1927 635 1977 et
659 1916 691 1977 in
708 1938 805 1978 usum
822 1939 917 1979 suum
936 1919 1142 1980 convertisse
1160 1921 1332 1982 nonnullis

154 2021 236 2084 locis
260 2022 438 2098 indicatur,
463 2044 503 2085 eo
529 2022 637 2107 magis
669 2020 834 2106 probatur
857 2024 1028 2099 Tacitum,
1060 2025 1116 2108 qui
1142 2023 1331 2088 Caesarem

153 2141 325 2192 auctorem
350 2142 485 2192 secutus
511 2141 591 2206 erat,
617 2128 760 2191 eundem
785 2151 828 2192 ex
852 2129 943 2194 libris
967 2130 1125 2208 Sallustii,
1150 2133 1207 2216 qui
1236 2132 1330 2196 Cae-

153 2237 236 2299 saris
261 2236 524 2321 descriptionem
547 2256 703 2299 mancam
727 2238 935 2322 expleverat,
959 2240 1120 2302 hausisse.

241 2378 412 2442 Nonnulla
438 2381 480 2443 de
504 2381 570 2444 situ
592 2380 793 2466 populisque
811 2380 1014 2445 Germaniae
1031 2382 1173 2444 Tacitus
1190 2382 1327 2445 haurire

152 2487 262 2570 potuit
298 2508 340 2548 ex
382 2484 646 2574 Chorograplzziz
680 2487 723 2550 ab
759 2486 917 2573 Augusto
952 2511 969 2549 e
1003 2488 1248 2549 coarmantam'r's
1274 2489 1326 2552 M.

152 2591 340 2679 Agrippae
364 2594 465 2671 edita,
498 2618 540 2657 ex
574 2617 640 2680 qua
664 2597 859 2671 hauserunt,
892 2595 947 2678 qui
971 2608 1090 2679 postea
1116 2595 1218 2657 libros
1242 2617 1328 2680 geo-

151 2701 333 2784 graphicos
357 2703 580 2785 scripserunt:
606 2700 740 2777 Strabo,
757 2700 860 2777 Mela,
878 2700 1005 2764 Plinius
1016 2707 1037 2765 2.
1080 2702 1182 2764 Edita
1207 2714 1324 2765 autem

153 2818 225 2869 erat
250 2808 509 2892 chorographia,
534 2821 715 2893 postquam
739 2809 869 2871 Drusus
894 2821 929 2871 et
952 2809 1111 2872 Tiberius
1143 2810 1266 2873 diutius
1292 2811 1325 2872 in

153 2911 336 2977 Germania
371 2936 447 2978 cum
479 2914 684 3003 exercitibus
718 2916 915 2979 commorati
940 2937 1015 2979 eam
1045 2917 1237 2978 accuratius
1272 2938 1326 2979 co·

144 3026 351 3105 'gnoverant

242 3144 358 3207 Asini
378 3145 540 3208 Pollionis
563 3145 728 3210 bellorum
753 3148 897 3211 civilium
921 3147 1095 3210 historiam
1112 3145 1215 3208 XVll
1233 3146 1326 3210 libris

153 3253 380 3336 conscriptam
411 3275 446 3316 se
478 3254 611 3317 novisse
642 3254 818 3339 profitetur
849 3255 991 3317 Tacitus
1024 3253 1147 3317 Annal.
1184 3253 1233 3315 IV
1265 3260 1325 3317 24:

157 3357 284 3436 „Asinii
319 3358 479 3423 Pollionis
521 3362 648 3444 scripta
692 3363 865 3446 egregiam
911 3361 1096 3424 eorundem
1132 3360 1254 3442 (Cassii
1291 3375 1325 3424 et

154 3463 263 3547 Bruti)
281 3468 476 3529 memoriam
494 3468 662 3530 tradunt.“
698 3467 855 3531 Caesaris
879 3469 911 3530 in
929 3467 1074 3530 Galliam
1091 3467 1327 3530 Germaniam-

244 3699 253 3726 ¹
272 3701 404 3749 Extrema
423 3703 505 3751 huius
525 3704 580 3751 loci
600 3702 686 3750 verba
706 3701 831 3751 referunt
851 3703 906 3750 hoc
926 3702 1039 3751 Sallusti
1066 3702 1254 3765 fragmentum
1275 3704 1326 3764 (Ill

154 3791 187 3839 47
207 3789 268 3853 K.):
297 3791 437 3856 „Scythae
464 3792 608 3840 Nomades
636 3797 742 3857 tenent,
772 3793 872 3855 quibus
898 3793 1021 3854 plaustra
1041 3792 1122 3840 sedes
1149 3791 1237 3850 sunt,“
1269 3808 1327 3840 scr-

154 3885 249 3927 vatum
269 3895 284 3927 a
304 3881 463 3930 scholiastis
477 3882 586 3930 Horatii
600 3882 635 3929 ad
649 3897 734 3930 carm.
753 3882 793 3929 III
813 3883 861 3929 24:
883 3881 1062 3944 Campestres
1078 3882 1176 3929 melius
1190 3882 1326 3945 Scythae,

153 3985 271 4032 quorum
292 3971 414 4032 plaustra
434 3986 519 4035 vagas
538 3973 591 4019 rite
611 3970 725 4020 trahunt
745 3971 868 4020 domos.¹‘

244 4073 303 4125 ²E.
324 4077 494 4126 Schweder:
523 4078 577 4126 Die
598 4078 812 4142 Chorographie
838 4079 887 4126 des
910 4079 1057 4142 Augustus
1082 4079 1121 4126 als
1149 4076 1249 4132 Quelle
1275 4077 1326 4126 der

156 4166 374 4231 Darstellungen
395 4168 442 4215 des
463 4167 545 4228 Mela,
565 4167 679 4227 Plinius,
699 4167 811 4216 Strabo.
831 4168 894 4216 Kiel
915 4168 991 4217 1878.
