2978 4988
736 291 957 352 ..44-

264 486 515 551 Germanorum
549 505 659 548 mores
695 483 891 548 describens
926 483 1065 546 iecisset
1076 483 1097 557 1,
1132 481 1168 544 in
1206 480 1327 545 altera
1356 491 1432 567 parte

263 605 445 678 postquam
470 591 672 655 Chattorum
704 592 938 655 fortitudinem
969 589 1124 653 bellicam
1156 589 1292 652 extulit
1326 592 1367 672 (c.
1395 593 1434 664 30,

263 703 328 783 31),
355 699 513 763 Chaucos
536 700 631 784 pacis
655 698 844 775 virtutibus,
868 719 997 760 morum
1025 696 1224 782 integritate
1251 697 1435 782 iustitiaque

263 818 401 892 praeter
426 819 557 870 ceteros
581 805 702 869 florere
727 805 862 868 uberius
887 806 1045 889 exponit,
1071 803 1244 866 rhetorice
1279 824 1437 868 exornans

265 926 298 977 et
323 935 539 999 exaggerans
563 935 635 976 rem
659 914 770 976 animo
794 914 902 998 magis
926 912 1051 988 fictam,
1087 932 1192 996 quam
1229 912 1322 974 satis
1358 922 1436 975 certe

265 1034 485 1105 compertam,
510 1033 546 1083 ut
571 1020 786 1084 Chaucorum
817 1019 1027 1083 nobilitatem
1062 1018 1344 1103 „longinquitate
1377 1019 1439 1081 fac-

264 1134 353 1191 tam“
382 1127 480 1210 (Plin.
505 1127 541 1190 X
567 1130 641 1210 132)
667 1128 781 1191 dicere
806 1128 915 1191 liceat.

350 1270 477 1334 Plinius
493 1271 583 1333 vitae
600 1269 815 1334 Chaucorum
832 1270 1050 1354 descriptioni
1067 1268 1163 1332 addit
1182 1267 1302 1346 ,aliud
1321 1290 1341 1331 e
1358 1267 1438 1331 silvis

261 1379 459 1441 miraculum
469 1383 496 1440 :“
511 1382 522 1418 2
535 1376 726 1441 Altissimas
737 1399 881 1463 quercus
892 1378 1056 1440 suffossas
1073 1374 1234 1439 fluctibus
1245 1376 1439 1460 propulsas·

262 1507 327 1570 que
357 1486 464 1547 ventis
488 1496 601 1547 vastas
625 1485 749 1548 insulas
778 1506 892 1547 secum
924 1485 1059 1547 auferre
1086 1494 1188 1567 atque
1221 1483 1270 1545 ita
1307 1483 1440 1546 libratas

263 1603 390 1655 stantes
416 1593 587 1677 navigare.
635 1592 794 1655 Tacitum
811 1613 920 1654 mores
937 1591 1108 1654 hominum
1125 1590 1388 1654 describentem
1404 1591 1440 1654 de

265 1700 319 1763 illo
345 1700 506 1763 miraculo
530 1699 609 1762 nihil
635 1700 747 1762 dicere
774 1721 840 1762 non
864 1699 1001 1778 mirum;
1027 1710 1178 1761 ceterum
1203 1719 1247 1760 ex
1272 1719 1329 1775 e0,
1356 1697 1441 1784 quod

263 1829 365 1892 saepe
392 1809 524 1870 territas
557 1808 681 1870 classes
713 1807 888 1870 Romanas
920 1807 1084 1890 proelium
1116 1803 1242 1867 navale
1274 1805 1441 1868 adversus

261 1914 399 1978 arbores
423 1915 522 1976 inisse
546 1913 673 1976 Plinius
705 1915 809 1992 addit,
844 1935 1010 1997 apparere
1043 1913 1192 1988 videtur,
1218 1911 1440 1977 Chaucorum

262 2023 350 2084 vitae
368 2035 546 2105 terraeque
571 2021 834 2105 descriptionem
858 2043 901 2083 ex
919 2019 1014 2083 bellis
1033 2020 1238 2084 Germaniae
1257 2021 1442 2104 repetitam

262 2150 346 2192 esse.

350 2272 403 2335 De
427 2272 565 2334 solstitio
590 2274 674 2335 haec
698 2273 871 2357 utriusque
896 2272 1001 2336 verba
1026 2271 1216 2357 comparari
1240 2271 1334 2335 licet.

383 2432 554 2495 Plinius
578 2431 621 2496 N.
647 2432 690 2494 H.

305 2540 335 2603 ΙΙ
364 2545 436 2604 182.
468 2539 550 2602 Dies
582 2541 615 2602 in
647 2539 820 2602 Britannia

262 2646 492 2730 septendecim
516 2647 616 2709 horas
640 2647 821 2730 aequinoc-

262 2754 359 2817 tiales
408 2753 546 2838 colligit,
593 2752 650 2815 ubi
690 2765 819 2815 aestate

262 2861 393 2924 lucidae
419 2871 547 2923 noctes.

307 2967 356 3030 IV
385 2972 455 3032 104.
474 2966 602 3030 Ultima
620 2967 726 3030 insula
752 2989 821 3029 om-

260 3076 351 3138 nium
363 3095 450 3158 quae
460 3086 688 3136 memorantur
698 3073 821 3159 Thyle,

262 3183 295 3244 in
331 3203 398 3266 qua
432 3181 573 3244 solstitio
608 3182 714 3250 nullas
747 3203 820 3244 esse

262 3301 380 3352 noctes
436 3289 656 3352 indicavimus
707 3290 821 3351 cancri

262 3451 474 3458 ψ»,-

354 3536 406 3586 ¹0.
429 3540 468 3603 18,
491 3541 531 3599 19,
551 3540 593 3599 20,
615 3540 657 3587 21.

1050 2431 1251 2495 Tacstus

920 2544 971 2604 45.
1016 2539 1128 2602 Trans
1164 2536 1310 2602 Suionas
1350 2538 1442 2602 aliud

875 2668 966 2708 mare
999 2647 1133 2732 pigrum
1165 2666 1205 2708 ac
1238 2666 1351 2729 prope
1384 2647 1443 2708 im-

875 2765 1021 2828 motum,
1053 2775 1121 2838 quo
1155 2752 1245 2838 cingi
1277 2751 1442 2839 cludique

875 2872 1039 2923 terrarum
1074 2859 1190 2922 orbem
1228 2859 1307 2921 hinc
1342 2860 1443 2936 fides,

876 2969 967 3052 quod
992 2981 1162 3030 extremus
1187 2966 1342 3030 cadentis
1375 2968 1443 3031 iam

875 3076 953 3137 solis
978 3075 1091 3159 fulgor
1115 3076 1148 3136 in
1173 3085 1282 3136 ortum
1317 3075 1444 3138 edurat

875 3182 962 3244 adeo
987 3182 1107 3257 clarus,
1132 3194 1168 3244 ut
1197 3180 1307 3243 sidera
1333 3180 1444 3244 hebe-

876 3301 924 3350 tet
934 3313 942 3363 3
974 3289 1051 3352 illuc
1082 3310 1188 3373 usque
1218 3325 1260 3334 —
1285 3288 1443 3352 etfama

355 3624 545 3676 ²Altissimae
566 3643 685 3691 quercus
706 3629 779 3677 haud
799 3631 897 3692 procul
917 3645 999 3692 supra
1020 3630 1102 3678 dictis
1123 3629 1244 3678 Chaucis
1264 3629 1340 3676 circa
1369 3630 1445 3680 duos

263 3719 412 3780 praecipue
442 3719 518 3766 lacus
547 3719 630 3768 litora
659 3722 786 3782 optinent
821 3720 1014 3782 suffossaeque
1043 3719 1173 3766 fluctibus
1210 3722 1258 3764 aut
1287 3720 1445 3781 propulsae

262 3807 373 3855 flatibus
413 3812 506 3856 vastas
537 3810 683 3872 complexu
704 3809 828 3857 radicum
859 3810 961 3856 insulas
991 3823 1085 3856 secum
1114 3806 1258 3866 auferunt,
1283 3812 1370 3870 atque
1404 3811 1445 3859 ita

262 3897 379 3945 libratae
400 3902 506 3946 stantes
527 3901 668 3961 navigant,
688 3900 841 3962 ingentium
863 3913 1005 3945 ramorum
1025 3898 1206 3945 armamentis
1226 3910 1309 3959 saepe
1331 3901 1446 3948 territis

266 3986 401 4034 classibus
422 3989 532 4047 nostris,
553 4003 616 4034 cum
637 3988 712 4035 velut
733 4002 766 4034 ex
786 3986 921 4034 industria
948 3987 1078 4033 fluetibus
1107 3991 1257 4050 agerentur
1285 3987 1312 4032 in
1339 4001 1446 4048 proras

263 4077 396 4124 stantium
417 4082 511 4130 noctu,
526 4078 680 4138 inopesque
695 4075 809 4125 remedii
831 4076 892 4123 illae
914 4076 1050 4138 proelium
1066 4075 1164 4124 navale
1175 4074 1310 4122 adversus
1320 4075 1446 4126 arbores

266 4166 390 4215 inirent.“
