2994 4988
578 81 797 143 ..29-

713 272 859 347 adeunt3
883 273 956 357 pari
980 273 1189 336 humanitate
1217 293 1275 336 ac-

715 379 884 463 cipiuntur
909 427 916 442 .
942 427 950 441 .
976 427 982 440 .
1008 427 1015 442 .
1047 380 1156 442 victus
1188 379 1275 442 inter

714 485 864 569 hospites
888 485 1083 549 communis.

70 678 73 683 Ι
196 593 246 658 Ex
271 593 526 679 comparatione
550 605 647 678 patet
662 593 822 656 Tacitum
839 592 996 656 Caesaris
1013 592 1275 677 descriptionem

10 689 76 758 ἶῙὶν»
122 703 308 781 respexisse3
333 713 484 765 ceterum
508 701 668 764 Tacitum
696 701 854 763 vestitum
884 721 1063 785 moresque
1088 699 1276 764 Germano-

10 756 80 901 :Af
120 818 179 866 rtun
202 809 335 873 uberius
348 809 606 893 accuratiusque
623 809 755 871 novisse
772 820 806 870 et
820 807 1038 892 descripsisse
1056 829 1122 871 non
1137 809 1274 881 mirum3

16 910 66 1015 faf-
114 914 197 987 quod
220 929 332 980 autem
355 916 585 1000 copiosissime
610 927 644 978 et
668 915 878 978 ornatissime
896 913 1046 978 celebrat
1069 915 1274 1000 summisque

10 1032 57 1085 3er
107 1006 257 1088 laudibus
274 1023 376 1087 effert
393 1044 523 1087 morum
540 1035 642 1108 atque
659 1023 819 1107 imprimis
836 1023 1037 1085 matrimonii
1050 1023 1275 1098 sanctitatem,

10 1112 57 1211 ἓ
101 1112 170 1188 lssde
222 1132 392 1218 ingenium
430 1131 544 1194 Taciti
578 1131 681 1215 ipsius
716 1131 952 1216 cognoscitur,
985 1131 1041 1215 qui
1066 1151 1152 1215 quae
1185 1129 1274 1192 domi

10 1216 45 1269 1¹⁴·
93 1218 331 1316 desiderabat,
349 1260 389 1302 ea
405 1238 489 1301 foris
505 1238 642 1301 inventa
658 1259 699 1301 eo
716 1238 824 1322 magis
834 1236 1065 1322 praedicabat.
1078 1236 1186 1319 (Idem
1194 1258 1275 1300 vero

85 1324 226 1409 fecisse
261 1367 355 1421 eum,
391 1366 492 1430 quern
527 1356 664 1429 praeter
697 1343 882 1407 Caesarem
917 1344 950 1406 in
983 1345 1033 1406 his
1056 1343 1157 1407 rebus
1181 1364 1277 1407 secu-

76 1439 117 1499 lus
153 1464 232 1516 est
255 1463 440 1529 auctorem,
468 1451 740 1514 verisimillimum
764 1453 838 1533 est.)

184 1575 423 1640 Offenderunt
448 1575 542 1638 multi
573 1576 605 1638 in
638 1576 689 1637 his
712 1574 825 1638 Taciti
858 1574 971 1638 verbis
994 1596 1020 1638 c.
1046 1597 1107 1637 22:
1135 1574 1276 1655 ,Statim

62 1685 77 1727 θ
98 1689 160 1734 SO
167 1702 264 1747 luno
288 1684 457 1766 lavantur,
473 1682 607 1768 saepz'us
630 1682 774 1758 caltda“‚
794 1703 870 1746 curn
887 1683 979 1767 apud
992 1683 1178 1747 Caesarem
1190 1686 1276 1747 haec

57 1776 230 1866 scripta
254 1791 448 1855 videamus:
474 1789 513 1853 B.
539 1789 581 1853 G.
606 1788 657 1851 IV
686 1795 720 1853 1:
749 1788 898 1872 „(Suebi)
923 1791 957 1852 in
989 1812 1064 1853 earn
1096 1805 1275 1855 consuetu-

56 1881 218 1961 dinen,
240 1920 276 1962 se
300 1897 528 1973 adduxerunt,
553 1908 589 1959 ut
604 1897 798 1960 lavarentur
821 1897 854 1959 in
871 1896 1093 1961 fluminibus“.

191 2023 273 2088 Non
290 2023 464 2110 ignorasse
477 2022 637 2086 Tacitum
650 2020 840 2084 Germanos
852 2021 885 2083 in
898 2021 1088 2085 fluminibus
1106 2023 1220 2098 lavari,
1234 2044 1276 2085 ex

55 2116 191 2192 HlSt.
217 2131 250 2195 V
281 2135 321 2195 14
348 2142 455 2216 patet,
480 2129 536 2193 ubi
576 2128 784 2209 „Germanos
809 2128 1000 2192 fluminibus
1025 2134 1157 2192 suetos“
1184 2128 1276 2192 dicit.

56 2224 150 2292 Sed
212 2241 276 2304 hoc
310 2239 387 2303 loco
429 2238 472 2302 de
511 2260 552 2301 ea
587 2250 717 2301 tantum
761 2238 928 2301 lavatione
973 2236 1138 2321 loquitur,
1175 2257 1277 2321 quam

62 2342 242 2416 ,statim
265 2351 439 2410 esomno“
459 2344 688 2421 instituebant,
705 2367 815 2430 neque
841 2346 883 2408 de
909 2343 1063 2407 omnibus
1086 2343 1277 2419 Germanis,

63 2435 138 2506 Sed
195 2454 236 2518 de
260 2454 308 2530 iis,
333 2453 455 2539 quibus
483 2465 680 2537 „separatae
704 2453 843 2538 singulis
875 2452 974 2516 sedes
1007 2463 1041 2514 et
1072 2473 1132 2514 sua
1157 2452 1277 2536 cuique

66 2565 241 2624 mensa“
268 2561 287 2624 i.
313 2582 342 2624 e.
367 2561 425 2646 qui
447 2581 574 2646 genere
599 2570 633 2623 et
657 2558 777 2643 opibus
802 2560 924 2623 ceteris
949 2557 1179 2642 praestabant.
1205 2557 1278 2621 Hos

72 2652 210 2741 igitur
232 2668 315 2731 dicit
341 2667 473 2747 „statim
498 2689 516 2730 e
540 2688 658 2730 somno
689 2667 793 2729 lavari
828 2667 963 2750 saepius
996 2666 1116 2742 calida,
1141 2687 1278 2728 causam

79 2759 237 2838 addens
279 2789 335 2855 „ut
374 2774 466 2860 apud
506 2796 592 2859 quos
626 2774 805 2859 plurimum
842 2774 947 2837 hiems
984 2779 1163 2858 occupat“,
1187 2774 1277 2836 unde

10 2890 18 2961 ἓ,
87 2883 258 2958 sequitur
282 2882 409 2968 frigida
433 2883 564 2944 lavatos
588 2903 673 2958 esse,
698 2903 775 2944 cum
799 2882 904 2944 hiems
936 2903 1002 2943 non
1026 2893 1107 2944 erat.
1155 2880 1278 2964 Neque

10 2964 19 2981 l
94 2995 153 3045 1²8
189 2990 292 3076 magis
316 2989 411 3066 mira,
436 3011 539 3074 quam
563 2988 655 3073 quod
679 2987 851 3064 Germani,
875 2989 932 3073 qui
960 2989 1123 3066 „tolerare
1148 2987 1278 3072 frigora

21 3092 25 3099 ’
103 3095 212 3173 alque
235 3097 381 3161 inediam
406 3096 501 3160 caelo
525 3096 640 3159 solove
665 3096 867 3158 adsuerant“
895 3097 937 3177 (c.
964 3097 1018 3176 4.),
1045 3107 1156 3156 tamen
1176 3094 1279 3172 „sole-

37 3240 47 3261 -,
109 3196 195 3265 bant
223 3205 459 3269 subterraneos
494 3225 617 3288 specus
651 3205 782 3287 aperire
814 3204 1000 3287 suffugium
1033 3203 1169 3278 hiemis,
1201 3203 1279 3287 quia

10 3326 22 3367 ¹.
118 3301 257 3388 rigorem
280 3313 446 3397 frigorum
481 3312 646 3374 eiusmodi
682 3311 745 3373 loci
782 3311 932 3373 molliunt
966 3312 1008 3392 (c.
1048 3313 1112 3391 16),
1140 3310 1279 3393 „epulae

15 3456 28 3475 ·.
54 3462 57 3469 .
126 3426 226 3482 autem
249 3421 402 3506 largique
420 3432 605 3504 apparatus
630 3417 809 3481 comitibus
826 3420 1015 3502 principum
1032 3440 1094 3502 pro
1111 3417 1279 3501 stipendio

27 3574 35 3583 .
130 3521 297 3591 cedebant“
325 3529 367 3609 (c.
396 3529 459 3609 14).

10 3706 12 3709 ,
202 3633 367 3699 Conferre
391 3634 491 3698 liceat
514 3635 625 3697 locum
651 3657 693 3696 ex
709 3633 882 3696 Plutarchi
906 3634 975 3696 vita
992 3632 1092 3695 Marii
1118 3653 1146 3694 c.
1167 3636 1217 3707 19,
1238 3652 1280 3693 ex

11 3773 40 3814 ne
71 3766 76 3775 ·
133 3753 184 3817 quo
198 3754 300 3825 patet,
317 3741 507 3805 Germanos
531 3763 629 3804 mane
646 3742 798 3804 lavantes
824 3741 967 3803 calidam
993 3762 1058 3802 non
1082 3751 1280 3823 aspernatos

10 3878 41 3919 lm
134 3861 204 3911 esse:
233 3849 325 3914 Ante
363 3871 514 3935 pugnam
539 3850 626 3911 enim
663 3849 706 3910 ad
731 3847 851 3933 Aquas
880 3847 1014 3911 Sextias
1058 3846 1280 3920 commissam,

10 3981 40 4023 1n
134 3966 194 4019 cum
213 3956 360 4022 Romani
392 3958 437 4022 ad
465 3956 590 4021 flumen
621 3955 876 4020 descendissent
904 3955 1070 4041 aquaturi,
1097 3951 1220 4031 ruricort·
1243 3951 1279 4019 τὸ
