2994 4988
546 365 766 428 -37-

68 556 254 624 insularum
279 559 389 645 spatia
414 571 666 636 commemorat,
691 559 810 622 nullius
843 559 969 623 insulae
1004 571 1061 622 aut
1094 558 1240 644 regionis

61 670 206 732 nomine
238 667 372 732 addito:
403 666 531 729 Plinius
564 667 652 729 enim
685 688 738 729 res
770 667 860 750 ipsas
891 665 1085 731 describere
1124 666 1240 738 voluit,

58 771 214 840 Tacitus
238 787 406 861 quatenus
422 774 467 836 ad
491 774 589 836 situm
613 774 765 858 gentium
789 774 823 835 in
838 775 1032 836 universum
1049 774 1242 859 significan-

53 878 157 944 dum
188 895 246 946 aut
279 881 324 946 ad
361 882 463 944 vitam
494 901 671 964 moresque
706 881 948 965 cognoscenda
980 893 1013 943 et
1043 880 1241 943 illustranda

46 991 242 1068 pertinere
267 989 479 1053 videbantur.

164 1097 317 1182 Respicit
340 1096 482 1159 Tacitus
499 1094 643 1157 Plinium
667 1093 699 1155 in
726 1095 762 1157 iis
787 1116 934 1180 quoque,
952 1117 1039 1180 quae
1065 1095 1104 1157 de
1127 1094 1241 1179 ringu-

49 1197 185 1265 larum
219 1202 468 1268 Germanorum
496 1201 651 1286 gentiam
687 1200 916 1264 distributione
951 1210 981 1264 et
1018 1201 1243 1287 appellatione

48 1303 213 1375 disserit.
261 1309 359 1375 Haec
384 1311 556 1394 utriusque
582 1305 685 1370 verba
710 1309 876 1372 conferas

192 1417 373 1481 Plinius
397 1416 441 1480 N.
467 1415 510 1479 H.
854 1416 1057 1480 Tacitus.

120 1521 167 1587 IV
221 1528 273 1590 96.
331 1525 451 1609 lncipit
506 1523 628 1586 deinde
731 1529 760 1588 2.
808 1523 992 1587 Celebrant
1040 1520 1242 1586 carminibus

54 1624 194 1695 clarior
216 1631 341 1717 aperiri
357 1632 450 1695 fama
467 1631 510 1694 ab
527 1642 629 1714 gente
685 1633 830 1716 antiquis
854 1632 1054 1694 Tuistonem
1083 1644 1115 1693 et
1139 1630 1241 1693 filium

53 1727 310 1819 Ingaevonum,
335 1760 422 1824 quae
448 1750 499 1802 est
522 1739 629 1822 prima
684 1738 1031 1823 Mannum‚originem
1042 1739 1152 1823 gentis
1164 1758 1242 1801 con·

55 1834 103 1897 in
135 1841 312 1909 Germania
336 1844 393 1927 (ab
418 1844 582 1926 Oceano).
684 1848 889 1932 ditoresque.
925 1846 1054 1909 Manno
1072 1858 1140 1908 tres
1157 1844 1242 1907 filios

119 1951 167 2015 99.
215 1952 464 2016 Germanorum
502 1973 629 2038 genera
684 1955 868 2040 assignant,
893 1976 910 2016 e
935 1974 1079 2038 quorum
1102 1952 1243 2015 nomini-

58 2053 228 2147 quinque.
240 2059 390 2136 Vandili,
400 2081 629 2145 quorumpars
684 2062 746 2125 bus
776 2063 920 2146 proximi
951 2059 1091 2124 Oceano
1126 2059 1242 2145 Ingae-

58 2146 342 2252 Burgundiones,
356 2166 504 2242 Charini,
522 2167 630 2230 Guto-
683 2191 806 2246 vones,
860 2169 960 2231 medii
1008 2167 1241 2243 Herminones

56 2274 147 2344 ”4³83
183 2274 326 2338 alterum
368 2296 475 2360 genus
510 2275 630 2359 Ingae-
684 2277 787 2340 ceteri
832 2275 1028 2338 Istaevones
1067 2286 1240 2338 vocentur.

55 2380 186 2458 V0neS,
210 2402 355 2467 quorum
385 2402 464 2464 pars
488 2380 628 2457 Cimbri,
685 2383 847 2460 Quidam,
864 2397 901 2445 ut
924 2383 957 2445 in
986 2382 1122 2445 licentia
1146 2393 1243 2443 vetu-

51 2464 218 2553 Teutoni
242 2509 284 2552 ac
306 2488 521 2552 Chaucorum
547 2509 630 2572 gen·
683 2492 789 2566 statiS,
802 2490 915 2574 plures
929 2490 993 2553 deo
1006 2501 1097 2552 ortos
1114 2489 1242 2572 plures-

50 2581 135 2663 te⁸3
175 2597 320 2681 proximi
355 2609 469 2660 autem
505 2597 628 2659 Rheno
684 2619 749 2682 que
809 2598 920 2682 gentis
986 2596 1240 2680 appellationes,

49 2675 276 2779 Istaevones,
302 2725 443 2789 quorum
468 2725 547 2789 pars
572 2752 579 2767 .
605 2729 628 2778 .;
684 2704 829 2780 Marsos,
855 2702 1081 2779 Gambrivios,
1098 2701 1240 2778 SueboS,

48 2804 628 2896 rnecliterraneiHermiuones,quo·
682 2812 859 2875 Vandilios
902 2811 1092 2884 affirmant3
1133 2831 1240 2894 eaque

50 2913 144 2978 rum
198 2917 320 2994 Suebi,
379 2917 627 2996 Hermunduri,
683 2942 764 2983 vera
788 2931 822 2982 et
845 2920 983 3003 antiqua
1005 2919 1149 2980 nomina.
1175 2915 1242 2980 Ce-

53 2998 203 3102 Chatti,
214 3023 399 3100 Cherusci3
416 3027 533 3111 quinta
549 3049 628 3111 pars
683 3040 792 3090 terum
809 3025 1013 3089 Germaniae
1038 3024 1240 3088 vocabulum

56 3102 411 3195 Peucini-Basternae
432 3155 533 3217 supra
557 3135 629 3198 dic·
682 3155 800 3198 recens
818 3147 851 3197 et
869 3155 975 3217 nuper
991 3132 1143 3195 additum
1160 3143 1238 3196 cett.

61 3220 110 3291 HS
136 3241 332 3303 contermini
355 3240 470 3306 Dacis,
727 3247 778 3307 46.
805 3241 955 3317 Peucini,
986 3262 1071 3325 quos
1102 3239 1240 3324 quidam

682 3349 866 3412 Bastarnas
899 3359 1033 3424 vocant,
1068 3396 1075 3410 .
1103 3397 1110 3412 .
1137 3394 1144 3409 .
1170 3394 1178 3409 .
1203 3357 1239 3409 ut

681 3456 842 3520 Germani
866 3467 981 3542 agunt.

160 3576 287 3640 Plinius
322 3579 467 3641 omnium
499 3579 746 3646 Germanorum
787 3583 933 3666 quinque
970 3599 1113 3665 genera:
1147 3580 1241 3644 Van-

77 3681 175 3759 dilios,
201 3683 425 3770 Ingaevones
443 3685 648 3765 Istaevones,
665 3689 901 3764 Herminones,
918 3685 1240 3751 Peucinos-Baster-

10 3814 12 3819 ·
77 3810 129 3854 uas
154 3804 328 3854 enumerat
353 3793 531 3878 unicuique
556 3797 673 3879 generi
698 3797 846 3881 singulas
864 3795 1016 3857 nationes
1041 3791 1237 3857 attribuens,

74 3895 210 3962 Tacitus
247 3899 356 3962 varias
392 3901 635 3984 appellationes
671 3926 690 3966 a
726 3903 868 3966 filiorum
891 3901 1020 3978 Manui,
1055 3902 1238 3965 conditoris

71 4006 188 4091 gentis,
215 4004 404 4069 nominibus
429 4008 507 4070 duci
532 4021 565 4072 et
589 4009 691 4096 vulgo
716 4011 778 4073 tria
802 4031 930 4095 genera
963 4008 1107 4071 discerni
1137 4008 1236 4072 dicit:

71 4111 291 4198 Ingaevones
317 4112 550 4191 Herminones,
576 4114 788 4191 Istaevones3
821 4117 916 4180 addit
948 4115 1112 4200 quosdam
1146 4115 1238 4177 affir-

71 4241 160 4282 mare
184 4219 298 4303 plures
314 4218 433 4283 Manui
456 4221 540 4284 filios
556 4221 737 4308 pluresque
753 4223 865 4308 gentis
882 4245 954 4286 esse
972 4221 1235 4306 appellationes:
