2994 4988
731 389 953 453 ..66-

265 579 478 668 Judaeorum
516 591 612 645 terra
647 583 854 669 moribusque
897 583 1076 668 descriptio
1112 583 1211 664 (Hist.
1249 584 1284 644 V
1321 589 1433 668 2-9)

258 691 369 754 eidem
394 690 489 774 operi
513 690 648 764 inserta,
674 691 727 753 cui
756 690 846 752 illam
870 690 912 752 de
936 688 1183 752 Germanorum
1207 704 1300 754 terra
1323 715 1435 777 popu-

256 797 363 882 lisque
389 797 651 880 descriptionem
675 797 816 859 Tacitus
840 797 948 881 primo
980 796 1126 858 inserere
1158 796 1305 861 voluisse
1338 800 1436 863 vide-

259 916 322 980 tur,
348 925 434 988 quae
459 916 579 987 postea
603 904 636 964 in
660 903 736 965 iusti
761 902 862 966 libelli
893 903 1038 965 formam
1071 903 1212 966 redacta
1247 907 1434 988 separatim

258 1010 350 1074 edita
374 1021 435 1086 est,
460 1031 502 1072 ex
526 1009 643 1072 iisdem
668 1008 765 1071 Plinii
789 1008 902 1072 libris1
925 1009 1136 1093 potissimum
1152 1012 1283 1087 hausta,
1309 1013 1434 1076 eadem

257 1118 386 1180 ratione
411 1117 609 1202 composita,
633 1128 736 1201 atque
761 1116 813 1179 ille
839 1117 881 1179 de
906 1115 1090 1180 Germania
1115 1115 1256 1181 libellus.
1309 1117 1436 1183 Simili-

257 1224 320 1288 bus
351 1224 462 1287 verbis
492 1223 641 1308 loquitur
673 1224 814 1287 Tacitus
847 1224 889 1286 de
922 1223 1092 1287 fontibus:
1121 1238 1329 1303 „memorant
1355 1274 1363 1291 .
1392 1275 1399 1288 .
1427 1276 1434 1291 .

258 1331 394 1418 quidam
421 1381 427 1395 .
452 1378 460 1395 .
487 1378 494 1395 .
519 1331 671 1416 plerique
696 1379 703 1394 .
729 1379 736 1394 .
763 1379 770 1394 .
796 1343 883 1407 sunt,
912 1332 968 1415 qui
993 1331 1129 1395 tradant
1154 1380 1161 1395 .
1187 1379 1194 1394 .
1220 1380 1228 1395 .
1252 1334 1309 1397 alii
1327 1333 1432 1417 (Hist.

257 1439 291 1504 V
316 1442 360 1522 2),
384 1438 516 1523 plurimi
540 1439 754 1501 consentiunt
780 1441 838 1521 (3),
863 1439 977 1501 ferunt
1008 1487 1015 1501 .
1042 1487 1049 1502 .
1075 1487 1082 1502 .
1115 1440 1170 1503 alii
1202 1442 1258 1522 (4),
1291 1442 1435 1526 quidam

258 1547 410 1610 arbitrati
435 1558 511 1609 sunt
536 1547 594 1628 (5),
618 1547 666 1609 sic
693 1559 824 1608 veteres
848 1558 1016 1622 auctores,
1050 1547 1110 1610 sed
1142 1548 1240 1632 gnari
1275 1548 1433 1612 locorum

257 1655 414 1718 tradunt“
441 1655 497 1735 (6).
522 1653 577 1716 Ex
601 1654 665 1716 hoc
689 1653 804 1716 ultimo
829 1654 904 1716 loco
928 1666 1061 1717 veteres
1085 1668 1242 1718 auctores
1273 1668 1434 1720 secutum

257 1763 416 1827 Tacitum
440 1762 549 1846 ipsum
573 1783 639 1824 non
663 1783 806 1846 gnarum
830 1762 981 1823 locorum
1011 1763 1126 1837 fuisse,
1158 1764 1266 1846 ipsum
1299 1785 1341 1825 ea
1367 1786 1435 1827 non

257 1870 380 1933 vidisse
404 1881 508 1953 patet.
555 1868 698 1931 Disserit
722 1882 836 1931 autem
860 1868 981 1930 eadem
1004 1870 1257 1953 perspicuitate,
1293 1891 1365 1955 qua
1401 1873 1434 1934 in

194 1981 195 1984 ’
258 1978 313 2041 illo
338 1977 381 2040 de
405 1975 588 2040 Germania
621 1973 753 2051 libello,
782 1976 824 2038 de
858 1976 973 2059 populi
1006 1976 1146 2060 origine,
1180 1977 1223 2039 de
1256 1978 1434 2041 hominum

258 2084 406 2148 moribus
437 2096 614 2167 terraeque
640 2095 769 2159 natura,
795 2082 890 2146 addit
925 2082 1083 2145 nonnulla
1121 2083 1163 2146 de
1194 2084 1434 2168 antiquissima

257 2192 373 2278 populi
397 2191 534 2254 historia
568 2203 601 2253 et
636 2212 723 2275 quae
747 2191 913 2276 gesserint
947 2204 1005 2252 aut
1029 2191 1119 2274 passi
1143 2190 1208 2252 sint
1233 2190 1360 2267 ludaei,
1389 2215 1434 2256 ex

258 2322 326 2386 quo
349 2299 497 2363 Romani
521 2298 685 2382 Pompeio
710 2298 796 2361 duce
822 2311 946 2361 terram
970 2299 1199 2382 templumque
1217 2298 1430 2363 intraverant

258 2429 364 2493 usque
388 2407 433 2471 ad
457 2407 538 2469 illud
570 2405 703 2482 bellum,
737 2427 804 2490 quo
836 2407 947 2469 deleta
979 2418 1030 2468 est
1065 2404 1300 2490 Hierosolyma
1335 2406 1431 2483 urbs,

258 2516 417 2601 quodque
453 2515 683 2597 descripturus
707 2526 779 2576 erat
804 2512 965 2587 Tacitus;
1001 2514 1051 2575 his
1079 2514 1197 2575 similia
1222 2527 1314 2589 sunt,
1340 2535 1434 2599 quae

258 2623 302 2686 de
337 2621 437 2685 rebus
472 2643 492 2683 a
527 2619 704 2683 Germanis
739 2620 816 2683 inde
851 2642 870 2682 a
902 2633 1029 2683 terrore
1054 2619 1225 2683 Cimbrico
1249 2642 1357 2705 usque
1385 2622 1432 2685 ad

258 2729 401 2792 alterum
436 2728 574 2791 Traiani
613 2727 824 2790 consulatum
860 2729 892 2789 in
928 2726 1111 2790 Germania
1148 2749 1188 2791 eo
1228 2749 1327 2803 anno,
1366 2750 1438 2813 quo

258 2836 400 2900 Tacitus
423 2833 571 2898 libellum
594 2836 737 2919 scripsit,
761 2835 878 2897 initum
906 2837 1011 2919 gestis
1036 2834 1164 2917 (Germ.
1190 2837 1244 2917 37)
1279 2838 1437 2920 exponit.

348 2977 589 3063 Comparanda
613 2977 746 3039 videtur
762 2976 971 3040 Britanniae
986 2998 1114 3062 quoque
1130 2977 1310 3063 descriptio
1326 2977 1436 3065 Agri-

261 3086 355 3151 colae
372 3087 461 3148 vitae
479 3087 520 3167 (c.
541 3089 580 3149 10
597 3087 681 3167 --17)
697 3085 831 3147 inserta.
867 3083 1081 3159 ,‚Britanniae
1099 3086 1198 3147 situm
1215 3085 1436 3171 populosque

262 3194 373 3257 multis
389 3191 610 3277 scriptoribus
627 3204 830 3254 memoratos
848 3190 1029 3254 —Livium
1047 3204 1080 3254 et
1092 3191 1235 3254 Fabium
1252 3191 1438 3257 Rusticum

261 3300 521 3363 nominat—'ta
545 3300 661 3374 refert,
680 3312 716 3361 ut
739 3320 826 3383 quae
851 3299 980 3382 priores
1005 3298 1197 3384 eloquentia
1221 3299 1437 3383 percoluere,

261 3428 372 3470 rerum
396 3407 462 3470 fide
480 3407 674 3470 tradantur“
703 3408 745 3488 (c.
767 3407 829 3487 10).
856 3405 999 3468 Disserit
1023 3407 1066 3469 de
1093 3407 1221 3490 origine
1246 3407 1437 3470 incolarum

263 3516 305 3596 (e.
334 3516 398 3596 11),
424 3515 466 3577 de
492 3526 602 3576 terrae
627 3527 747 3576 natura
771 3513 1009 3598 hominumque
1034 3512 1182 3577 moribus
1207 3515 1250 3594 (c.
1280 3515 1344 3595 12),
1377 3515 1439 3578 ad-

262 3621 382 3706 ditque
409 3622 581 3684 historiam
610 3620 737 3683 insulae
770 3620 848 3682 inde
873 3619 916 3683 ab
942 3620 1001 3683 luli
1025 3621 1183 3685 Caesaris
1215 3621 1436 3704 expeditione

262 3749 368 3813 usque
394 3727 438 3791 ad
463 3727 544 3790 illud
567 3740 711 3812 tempuS,
736 3749 803 3812 quo
826 3726 989 3814 Agricola
1008 3728 1200 3790 Britanniae
1217 3729 1437 3813 praepositus

263 3848 314 3899 est
339 3836 381 3918 (c.
409 3838 562 3918 13-17).
588 3834 688 3911 Quae
718 3835 885 3919 prioribus
909 3835 1129 3920 scriptoribus
1162 3835 1311 3896 nondum
1343 3855 1439 3898 com-

262 3956 360 4028 perta
386 3943 498 4018 tradit,
523 3964 565 4004 ex
582 3943 691 4006 soceri
706 3944 915 4027 potissimum
940 3940 1188 4004 narrationibus
1214 3954 1437 4025 cognoverat,

263 4051 296 4113 in
319 4051 379 4126 his,
406 4070 492 4133 quae
518 4049 560 4112 de
592 4051 692 4112 maris
721 4062 813 4113 trans
845 4049 980 4137 Thylen
1014 4048 1154 4111 insulam
1185 4060 1305 4110 natura
1339 4048 1439 4112 addit

354 4262 362 4291 ¹
383 4265 492 4317 Nissen.
514 4265 584 4315 Mus.
604 4265 694 4314 Rhen.
715 4267 756 4315 26.
776 4281 802 4330 p.
823 4267 871 4315 541
893 4279 953 4329 sqq.
