2978 4988
587 366 808 431 ..,6γ,.

186 567 226 627 10
251 564 361 642 extr.),
386 561 505 625 similia
529 561 579 639 iis,
604 583 692 646 quae
718 561 749 624 in
775 559 860 625 libro
885 561 928 624 de
952 559 1136 625 Germania
1163 562 1205 644 (c.
1230 561 1285 645 45)

166 682 262 733 stant.
309 670 468 733 Tacitum
493 670 525 732 in
549 668 723 732 Britannia
747 669 858 753 ipsum
881 669 985 732 iuisse
1009 691 1176 754 nusquam
1200 669 1285 733 indi-

166 789 225 854 tur,
251 799 359 862 neque
384 778 562 862 quisquam
587 776 771 853 contendit,
788 776 850 838 nisi
875 775 966 860 quod
982 774 1097 839 Bahr1
1121 797 1189 839 non
1212 776 1284 839 sine

166 906 222 947 usa
246 884 281 947 id
305 885 413 948 conici
437 885 602 969 opinatur.
1194 869 1197 875 ¹

206 1016 298 1081 Ante
327 1018 486 1080 Tacitum
520 1015 644 1080 Seneca
674 1017 894 1102 philosophus
927 1018 1078 1102 scripsit:
1114 1015 1192 1097 „De
1220 1017 1287 1080 situ

175 1125 280 1187 sacris
311 1123 589 1210 Aegyptzbrum.“
634 1124 688 1186 Ex
722 1125 771 1201 iis,
804 1146 891 1209 quae
916 1123 1077 1188 Servius²
1100 1125 1144 1188 ad
1175 1122 1282 1211 Verg.

166 1253 206 1294 en.
231 1231 280 1294 VI
310 1237 369 1296 154
395 1233 437 1295 de
462 1233 528 1295 hoc
553 1231 636 1295 libro
669 1232 761 1308 dicit,
793 1244 953 1295 accurata
984 1232 1136 1296 locorum
1169 1231 1288 1294 notitia

166 1351 272 1423 paret.
322 1339 434 1423 Ipsum
458 1340 490 1401 in
515 1337 680 1425 Aegypto
703 1340 808 1402 fuisse
833 1337 1000 1402 Senecam
1030 1360 1096 1402 non
1128 1339 1288 1402 traditum

168 1469 191 1520 :3
215 1446 319 1509 multa
354 1459 466 1509 autem
502 1459 538 1510 ut
570 1446 728 1509 Tacitum
765 1447 808 1510 de
838 1445 1012 1509 Britannia
1048 1467 1090 1508 ex
1125 1445 1288 1532 Agricola

170 1573 248 1628 :ero‚
273 1553 319 1615 ita
344 1553 509 1616 Senecam
534 1553 576 1616 de
601 1553 766 1641 Aegypto
791 1555 994 1639 comperisse
1020 1575 1062 1615 ex
1086 1564 1288 1616 materterae

172 1659 284 1744 iiuge,
318 1661 374 1744 qui
416 1660 564 1724 sedecim
603 1682 708 1723 annos
738 1661 934 1744 praefectus
964 1659 1119 1746 Aegypti
1143 1660 1288 1736 fuerat³‚

173 1778 382 1829 isentaneum
407 1779 467 1829 est.

206 1908 299 1971 idem
324 1907 455 1971 Seneca
479 1909 628 1993 scripsit:
654 1909 728 1990 „De
750 1910 816 1972 situ
841 1909 992 1988 Indead
1025 1910 1068 1973 de
1100 1931 1168 1995 quo
1199 1909 1285 1973 libro

178 2016 269 2077 nius4
293 2017 392 2078 haec:
421 2015 572 2094 ,Seneca
612 2018 713 2080 etiam
748 2018 840 2102 apud
875 2040 937 2081 nos
972 2030 1138 2102 temptata
1172 2017 1288 2081 Indiae

180 2124 401 2185 amentatione
432 2125 610 2208 sexaginta
634 2125 740 2187 amnis
765 2126 835 2187 eius
866 2125 1026 2209 prodidit,
1058 2137 1179 2210 gentes
1211 2146 1290 2188 cen-

182 2230 430 2315 rundeviginti.
478 2229 545 2292 Par
584 2230 679 2294 labos
714 2233 756 2293 sit
796 2244 927 2294 montes
968 2237 1201 2306 enumerare;“
1242 2233 1285 2296 de

186 2358 239 2398 em
263 2335 348 2398 libro
372 2335 508 2399 Servius
532 2338 577 2399 ad
601 2337 707 2422 Verg.
732 2336 819 2399 Aen.
838 2337 888 2400 IX
906 2343 963 2402 31:
992 2338 1151 2424 „Ganges
1167 2338 1288 2402 fluvius

184 2443 234 2505 iae
270 2465 392 2505 novem
427 2445 531 2506 alveis
566 2444 649 2520 fluit,
685 2445 870 2508 secundum
903 2444 1030 2508 Melam
1063 2457 1206 2529 septem,
1230 2447 1287 2530 qui

187 2571 234 2612 en
260 2563 293 2612 et
318 2552 388 2634 ipse
414 2564 666 2627 commemorat,
691 2552 868 2614 nonnullos
901 2552 1025 2628 dicere,
1057 2552 1149 2636 quod
1183 2550 1288 2616 tribus

189 2657 227 2719 eis
250 2657 361 2720 fluat.“
412 2657 533 2721 Conici
556 2658 635 2722 licet
659 2680 702 2721 ex
725 2660 776 2722 his
799 2659 927 2743 paucis
944 2681 1032 2744 quae
1056 2659 1099 2722 de
1122 2659 1179 2723 illo
1203 2657 1288 2723 libro

191 2764 244 2826 iita
279 2777 365 2840 sunt,
402 2766 482 2827 satis
517 2778 677 2828 accurate
713 2778 746 2828 et
780 2767 917 2850 copiose
953 2766 1158 2852 descriptam
1183 2767 1287 2830 fuisse

194 2892 259 2947 am,
284 2893 383 2956 quam
409 2871 542 2935 Seneca
566 2872 637 2956 ipse
662 2894 728 2935 non
752 2873 893 2937 viderat.

211 3004 338 3066 Melam
363 3006 533 3068 minimam
569 3019 700 3090 partem
737 3028 863 3079 eorum,
900 3028 987 3091 quae
1023 3006 1065 3069 de
1101 3007 1166 3069 situ
1202 3005 1292 3070 orbis

197 3111 233 3187 it,
257 3112 365 3195 ipsum
389 3113 512 3175 vidisse
538 3125 679 3176 constat.
727 3112 892 3176 Attamen
915 3136 982 3177 non
1014 3135 1108 3176 mera
1138 3113 1290 3177 locorum

200 3219 325 3281 entium
350 3220 495 3296 nomina,
521 3220 581 3283 sed
606 3221 761 3304 copiosas
786 3220 984 3306 vividasque
1005 3242 1144 3297 morum,
1166 3241 1289 3299 rerum,

212 3504 221 3533 ¹
242 3506 344 3556 Gesch.
366 3507 391 3557 d.
411 3510 481 3558 riim.
501 3508 556 3558 Lit.
575 3508 602 3557 ΙΙ
620 3525 646 3571 p.
667 3511 726 3559 214.

212 3592 367 3658 ²„Seneca
397 3596 464 3645 dicit
493 3599 567 3646 circa
599 3598 729 3664 Syenem,
759 3603 910 3648 extremam
939 3599 1065 3664 Aegypti
1093 3604 1211 3662 partem,
1231 3614 1291 3648 esse

206 3701 227 3746 n,
248 3699 331 3747 quem
350 3686 453 3745 Philas,
472 3685 527 3733 hoc
548 3692 590 3734 est
610 3687 724 3736 Amicas
743 3694 846 3736 vocant
866 3688 938 3754 ideo,
952 3687 1027 3752 quod
1046 3688 1101 3736 illic
1122 3693 1164 3737 est
1183 3688 1293 3750 placata

208 3776 325 3839 egyptiis
345 3774 407 3835 Isis,
430 3775 530 3838 quibus
550 3777 731 3837 irascebatur,
751 3777 826 3840 quod
846 3778 971 3825 membra
991 3779 1083 3826 mariti
1098 3777 1217 3826 Osiridis
1236 3793 1292 3826 non

209 3863 289 3923 lebat,
309 3879 392 3925 quern
410 3863 498 3912 frater
519 3864 641 3930 Typhon
661 3866 813 3916 occiderat.
852 3865 932 3922 Quae
956 3869 1070 3917 inventa
1097 3872 1197 3930 postea
1227 3882 1290 3915 cum

211 3967 236 3999 re
257 3953 349 4012 vellet,
371 3954 456 4017 elegit
476 3956 583 4002 vicinae
603 3955 711 4017 paludis
731 3957 902 4004 tutissimum
931 3957 1033 4018 locum,
1062 3972 1145 4020 quern
1172 3957 1290 4006 transitu

212 4047 232 4088 tt
253 4056 314 4089 esse
336 4041 529 4091 difficilimum.
574 4044 689 4092 Limosa
709 4048 782 4093 enim
803 4052 845 4094 est
865 4051 893 4095 et
912 4048 1026 4112 papyris
1049 4044 1153 4094 referta
1173 4051 1202 4094 et
1226 4046 1291 4095 alta.

213 4126 274 4180 ³ct.
296 4130 409 4181 Consol.
429 4132 464 4178 ad
483 4133 563 4182 Helv.
585 4135 643 4184 192.

215 4217 308 4271 ιΗὶεῒ,
328 4221 394 4268 Nat.
415 4222 454 4270 VI
473 4222 514 4270 60.
