2994 4988
569 81 789 141 -41-

26 274 39 296 ⁷'
99 344 104 359 Ι,
187 269 236 340 Ex
261 273 312 349 iis,
337 293 426 358 quae
450 257 492 334 de
512 270 684 334 Mattiacis
699 272 841 336 Tacitus
858 273 960 336 tradit
977 284 1019 354 (c.
1036 275 1103 356 29),
1121 286 1266 358 apparet

107 370 180 436 ''ettm
197 379 328 443 novisse
352 379 438 441 haee
461 376 559 441 Plinii
584 376 688 442 verba
712 377 850 461 (XXXl
874 382 946 462 20):
975 380 1079 459 ,Sunt
1111 395 1143 444 et
1176 381 1267 444 Mat-

14 555 18 562 ·
124 476 181 544 tiaci
213 487 245 549 in
278 484 463 550 Germania
500 486 614 548 fontes
650 485 748 549 calidi
785 499 878 549 trans
913 487 1088 563 Rhenum,
1124 509 1265 573 quorum

10 575 16 611 ³
124 581 234 657 haustus
257 594 370 657 triduo
395 593 516 669 fervet,
541 594 632 656 circa
656 594 826 678 margines
850 616 931 657 vero
950 596 1119 678 pumicem
1137 596 1267 659 iaciunt

10 685 41 731 ²³
116 706 235 774 aqtttte.a
284 701 427 764 Tacitus
462 711 574 762 autem
604 700 683 762 nihil
707 701 857 763 miraculi
882 721 984 764 causa
1014 701 1200 785 scripturus
1224 702 1266 766 de

10 797 17 821 ‘
88 791 245 871 tontibus
280 807 362 870 nihil
397 807 493 883 dicit,
541 807 602 869 sed
650 808 784 892 ingenia
821 808 992 870 hominum
1026 808 1266 872 illustraturus:

102 899 284 991 Mattiaci,
320 915 442 998 inquit,
478 914 551 998 ipso
587 926 696 976 terrae
732 936 813 976 suae
849 914 920 977 solo
956 927 989 977 et
1026 914 1121 977 caelo
1157 917 1267 979 acrius

10 1020 13 1025 '
94 1010 315 1084 animantur.“

181 1127 242 1191 De
267 1127 468 1214 fluminibus
509 1135 541 1189 et
575 1127 736 1189 montibus
770 1127 974 1192 Germaniae
1010 1129 1152 1192 Tacitus
1197 1141 1266 1192 tam

78 1236 207 1300 Pauca
230 1235 343 1311 tradit,
367 1247 404 1298 ut
430 1236 547 1297 mirum
582 1235 690 1298 videri
723 1237 840 1319 possit,
875 1237 1074 1319 praesertim
1111 1257 1187 1298 cum
1223 1259 1265 1300 ex

10 1374 14 1415 ᾗ
75 1320 195 1405 Plinii
216 1344 448 1427 aliorumquel
470 1340 563 1405 libris
587 1342 684 1426 plura
708 1344 839 1405 haurire
865 1343 1024 1426 potuerit.

10 1438 15 1463 ⁵
187 1449 245 1514 Ex
268 1450 431 1513 montibus
454 1450 596 1514 Tacitus
618 1450 826 1538 Hercynium
844 1451 967 1513 saltum
991 1450 1097 1513 solum
1121 1471 1268 1514 comme-

10 1564 13 1620 ζ
67 1560 206 1621 ¹¹¹⁰rat
228 1569 331 1642 atque
354 1557 466 1641 priore
492 1556 629 1649 quidem
654 1557 729 1620 loco
754 1559 795 1639 (c.
823 1559 890 1640 28.)
924 1558 969 1621 ad
1000 1559 1158 1641 pristinas
1185 1558 1268 1621 Hel-

64 1654 260 1728 vetiorum
283 1665 382 1729 sedes
406 1664 660 1750 significandam
692 1664 798 1727 altero
822 1677 936 1728 autem
961 1666 1036 1728 loco
1061 1667 1103 1747 (c.
1124 1667 1195 1746 ’30)
1221 1665 1267 1728 ad

63 1752 297 1835 Chattorum
312 1772 463 1856 corporis
478 1772 646 1856 animique
662 1770 813 1834 habitum
827 1772 1060 1835 illustrandum
1075 1773 1140 1835 ait:
1160 1773 1269 1852 „duri-

61 1880 129 1926 ⁰s³²
189 1901 261 1943 esse
295 1879 390 1965 genti
423 1899 567 1963 corpora
599 1890 632 1941 et
664 1880 825 1941 maiorem
853 1879 953 1940 animi
979 1879 1140 1964 vigorem,
1165 1901 1267 1964 quam

60 1979 219 2050 ceteris
251 1986 430 2073 gentibus,
463 2007 551 2071 quae
575 1984 780 2070 palustribus
805 1986 886 2048 locis
918 1985 1141 2049 habitarent.“
1175 1984 1268 2047 Nihil

57 2072 181 2156 dicit
202 2094 345 2158 Tacitus
369 2095 412 2157 de
436 2094 539 2157 silvae
564 2094 807 2179 magnitudine,
832 2092 947 2155 bestiis
972 2094 1072 2169 miris,
1107 2092 1267 2156 roborum

55 2201 253 2265 vastitate
277 2223 297 2265 a
321 2199 430 2264 Plinio
454 2200 535 2263 VlIl
560 2205 612 2277 38,
638 2205 690 2276 39,
715 2199 750 2262 Χ
777 2204 850 2276 132,
874 2198 963 2261 XVI
992 2204 1010 2264 6
1040 2200 1176 2283 copiose
1208 2199 1266 2262 de-

56 2297 265 2392 εει-ἰώ]

185 2413 240 2478 De
265 2414 467 2501 fluminibus
502 2413 705 2478 Germaniae
741 2412 868 2487 Plinius
903 2412 952 2476 IV
992 2417 1071 2478 100:
1109 2411 1267 2491 ,Amnes

55 2499 212 2599 inquit,
237 2522 319 2586 clari
344 2521 376 2584 in
401 2520 579 2585 Oceanum
608 2520 760 2584 defluunt
794 2520 972 2595 Guthalus,
1005 2519 1037 2580 V
1039 2520 1163 2583 isculus
1196 2521 1266 2582 sive

57 2604 228 2706 ViS‘tila,
253 2627 362 2705 Albis,
388 2629 554 2714 Visurgis,
580 2627 716 2704 Amisia,
741 2628 893 2703 Rhenus,
918 2627 1050 2690 Mosa.“

185 2735 327 2801 Tacitus
361 2748 499 2821 praeter
533 2736 693 2798 Rhenum
727 2775 770 2782 -
808 2734 911 2798 semel
947 2735 993 2818 [c.
1021 2736 1074 2815 28)
1112 2756 1189 2797 cum
1226 2756 1266 2797 eo

56 2816 149 2894 Mo
156 2863 257 2906 enum
282 2844 432 2906 nominat
448 2843 493 2906 ad
506 2842 739 2905 Helvetiorum
756 2842 854 2905 sedes
871 2842 1081 2905 definiendas
1096 2880 1137 2886 ——
1152 2841 1267 2904 Albim

55 2923 219 3044 ilnlllrren
243 2951 351 3014 solum
377 2962 629 3014 commemorat.
662 2950 853 3012 Fluminum
870 2962 984 3012 autem
997 2950 1126 3013 ratione
1152 2948 1267 3012 habita

55 3051 301 3142 ⁵¹¹1gularum
325 3058 477 3143 gentium
501 3057 600 3120 sedes
625 3058 816 3120 accuratius
833 3056 1026 3121 describere
1044 3057 1165 3140 potuit,
1182 3078 1267 3141 quas

54 3159 261 3258 {²s11biguis
296 3185 400 3248 saepe
436 3163 548 3227 verbis
584 3164 790 3249 significasse
822 3164 903 3226 satis
935 3163 1048 3240 habet,
1083 3176 1118 3225 ut
1143 3176 1267 3226 terram

57 3265 206 3334 ¹PSam
233 3272 286 3351 „in
309 3273 521 3334 universum“
551 3273 594 3353 (c.
621 3273 653 3353 5)
678 3270 848 3334 describit.

183 3377 252 3443 Sed
267 3379 409 3442 Tacitus
433 3401 500 3442 non
525 3391 593 3441 tam
619 3391 743 3440 terram
768 3400 880 3463 quam,
905 3379 1055 3440 homines
1073 3376 1267 3440 describere

59 3461 308 3495 ‘L-

184 3520 346 3572 1ΜεΙειΙΙΙ
366 3524 412 3572 29:
433 3524 564 3571 silvarum
584 3523 724 3588 Hercynia
745 3522 852 3570 dierum
877 3524 1020 3586 sexaginta
1040 3524 1093 3570 iter
1118 3535 1268 3583 occupans.

83 3675 94 3687 ἱ
183 3614 225 3662 30.
257 3615 394 3661 montium
427 3613 554 3661 altissimi
575 3612 689 3660 Taunus
722 3617 750 3659 et
782 3612 897 3671 Retico,
927 3613 979 3658 nisi
1007 3626 1124 3674 quorum
1156 3611 1268 3656 nomina

63 3689 136 3740 ”³¹
161 3707 201 3751 est
221 3702 315 3766 eloqui
335 3717 384 3751 ore
404 3703 542 3751 Romano.
580 3702 712 3748 Amnium
733 3702 760 3747 in
780 3700 848 3748 alias
868 3705 967 3764 gentes
989 3701 1150 3748 exeuntium
1173 3699 1266 3746 Danu-

67 3765 158 3837 bius
178 3796 206 3840 et
233 3791 397 3851 Rhodanus,
426 3793 454 3839 in
474 3792 604 3839 Rhenum
624 3791 744 3838 Moenus
765 3796 793 3838 et
812 3788 911 3852 Lupia,
939 3792 965 3837 in
988 3790 1131 3839 Oceanum
1154 3788 1267 3847 Amisis‚

72 3855 222 3944 Visurgis
242 3884 271 3928 et
290 3879 371 3928 Albis
391 3881 545 3929 clarissimi.

183 3966 248 4018 ²cf.
269 3968 303 4016 de
325 3968 445 4018 Caesare
465 3984 491 4032 p.
514 3971 553 4017 15.
