2978 4988
588 337 811 400 ...30-

114 535 245 618 πρῶτον
267 525 370 616 ὀλίγοι
387 527 631 616 προσεμάχοντο
646 533 710 594 τῶν
731 525 907 612 πολεμίων·
923 525 1032 609 ἔτιχον
1047 524 1113 612 γὰρ
1134 521 1262 611 ἀριστῶν

112 663 164 716 τες
199 634 228 703 oi
262 635 383 701 πολλοὶ
417 634 498 719 μετὰ
533 633 674 721 λουτρόν,
711 631 740 700 oi
775 633 810 700 δὲ
845 631 1004 699 ἕλούονοο.
1050 626 1203 720 Ῥήγνυσι
1227 627 1265 717 γὰρ
1318 635 1323 697 l

112 738 232 809 αὐτόθι
257 739 407 826 νομάῑων
431 745 563 828 θερμῶν
585 740 695 829 πηγὰς
719 736 736 807 ὃ
757 744 870 827 χῶρος.

201 884 327 946 Mirum
360 883 514 947 videatur
547 883 707 946 Tacitum
737 883 772 946 in
803 881 964 946 convz'viz's
996 883 1038 964 (c.
1062 883 1136 964 22.)
1170 879 1273 945 descri-

113 991 231 1056 bendis
256 991 335 1053 nihil
358 992 485 1054 referre
511 1013 554 1053 ex
577 991 628 1053 his
652 990 810 1054 Caesaris
842 989 955 1054 verbis
988 989 1040 1072 (B.
1065 987 1112 1052 G.
1138 988 1192 1053 VI
1215 989 1275 1068 28):
1321 990 1323 1017 ³

115 1099 230 1179 „Haec
256 1098 381 1182 (ampla
405 1119 541 1161 urorum
565 1100 704 1180 cornua)
729 1098 879 1162 studiose
897 1097 1088 1182 conquisita
1114 1095 1161 1160 ab
1187 1094 1277 1159 labris

111 1217 254 1292 argento
279 1205 548 1269 circumcludunt
572 1218 675 1291 atque
699 1204 732 1268 in
756 1206 970 1290 amplissimis
995 1203 1105 1288 epulis
1140 1225 1206 1289 pro
1229 1223 1280 1288 po

112 1313 194 1377 culis
230 1317 397 1375 utuntur.“
458 1303 683 1380 AtsTacitus
726 1312 771 1376 ad
806 1312 1055 1376 Germanorum
1090 1333 1209 1374 mores
1243 1311 1282 1372 in·

111 1421 279 1506 geniaque
305 1419 545 1504 cognoscenda
581 1441 648 1482 non
683 1419 805 1505 quibus
838 1431 1013 1483 uterentur
1043 1418 1195 1503 poculis,
1230 1415 1283 1481 sed

110 1527 200 1591 diem
232 1539 433 1612 noctemque
468 1528 664 1590 continuare
697 1527 849 1612 potando
887 1528 966 1590 nulli
998 1525 1170 1611 probrum
1204 1547 1284 1600 esse,

111 1627 144 1698 et
183 1656 270 1720 quae
307 1635 341 1697 in
377 1635 538 1697 conviviis
578 1646 782 1711 tractarent,
822 1635 907 1698 scire
954 1635 1069 1720 magni
1122 1633 1286 1697 interesse

110 1741 265 1827 putabat.

199 1867 256 1930 De
279 1868 357 1930 cibis
380 1868 627 1932 Germanorum
652 1890 739 1953 quae
764 1868 908 1932 Tacitus
933 1890 959 1932 c.
985 1890 1005 1930 2
1006 1887 1031 1947 5
1054 1867 1176 1946 tradit,
1212 1889 1290 1932 con·

14 2015 16 2017 .
110 1975 184 2038 tulit
200 1975 347 2060 Koepke
372 1997 449 2038 cum
474 1976 522 2051 iis,
539 1997 626 2059 quae
644 1975 773 2038 Caesar
785 1975 824 2038 B.
843 1974 885 2038 G.
907 1974 956 2036 IV
984 1981 997 2039 1
1024 1974 1067 2038 de
1092 1973 1288 2039 Sueborum

111 2080 194 2145 cibis
230 2083 310 2146 dicit
320 2107 328 2157 3
353 2082 512 2146 addenda
549 2095 640 2158 sunt,
675 2104 762 2168 quae
786 2082 825 2146 B.
851 2082 893 2146 G.
920 2082 970 2144 VI
995 2087 1036 2148 22
1061 2081 1105 2145 de
1130 2082 1291 2147 omnibus

110 2189 289 2253 Germanis
313 2189 439 2254 scribit.

239 2332 407 2396 Caesar
430 2331 470 2395 B.
495 2333 538 2397 G.
910 2333 1101 2396 Tacitus.

155 2439 204 2503 lV
231 2445 259 2504 1.
284 2439 406 2525 Neque
434 2441 575 2503 multum
599 2441 670 2503 iru-
769 2446 821 2505 23.
842 2439 920 2504 Cibi
933 2441 1119 2525 simplices3
1137 2444 1292 2528 agrestia

110 2560 235 2624 mento,
259 2546 320 2610 sed
338 2547 516 2610 maximam
537 2560 669 2632 partem
723 2569 835 2632 poma,
868 2569 987 2611 recens
1023 2549 1098 2611 fera
1134 2563 1196 2614 aut
1238 2551 1292 2615 lac

109 2654 198 2718 lacte
223 2668 325 2739 atque
350 2675 475 2739 pecore
502 2655 628 2717 vivunt.
724 2668 939 2730 concretum3
987 2657 1058 2718 sine
1104 2671 1290 2741 apparatu,

153 2761 203 2823 VI
238 2766 290 2825 22.
327 2760 566 2846 Agriculturae
602 2784 670 2824 non
723 2763 794 2825 sine
834 2762 1071 2827 blandimentis
1112 2767 1291 2849 expellunt

107 2869 255 2944 student,
267 2869 441 2953 maiorque
457 2890 537 2952 pars
554 2891 670 2932 eorum
723 2871 849 2934 famen.

109 2976 217 3038 victus
240 2976 274 3037 in
307 2976 405 3052 lacte,
431 2996 542 3052 case0,
567 2998 669 3040 carne

109 3083 270 3146 consistit.

197 3225 340 3289 Tacitus
372 3227 543 3290 frumento
576 3250 642 3291 non
674 3242 937 3292 commemorato
968 3229 1127 3293 arborum
1160 3231 1283 3317 fruges

114 3334 275 3408 nominat,
300 3332 420 3418 quibus
444 3335 515 3397 sine
540 3349 707 3420 apparatu
732 3338 823 3401 vesci
847 3337 984 3413 licebat,
1016 3358 1092 3400 cum
1116 3339 1216 3420 panis
1243 3361 1286 3402 ex

109 3441 279 3503 frumento
304 3441 452 3504 faciendi
477 3443 620 3526 imperiti
645 3444 815 3506 frumento
840 3457 898 3507 aut
922 3444 967 3507 ad
994 3445 1193 3508 cerevisiam
1231 3468 1285 3510 co-

108 3547 278 3632 quendam
302 3560 490 3625 uterentur,
526 3563 584 3613 aut
617 3551 650 3612 in
679 3552 780 3634 pultis
813 3552 958 3615 formam
994 3552 1134 3616 redacto
1166 3575 1286 3617 vesce-

110 3668 235 3730 rentur,
261 3657 365 3740 (quod
389 3656 516 3719 Plinius
540 3657 626 3720 Hist.
662 3657 742 3722 Nat.
767 3657 887 3720 XVlll
916 3665 976 3723 149
1005 3659 1130 3741 tradit).
1167 3660 1283 3725 Carne

109 3775 143 3824 et
171 3762 257 3824 lacte
288 3763 400 3826 vivere
432 3763 622 3827 Germanos
651 3786 728 3828 cum
759 3765 909 3830 Caesare
943 3767 1157 3831 consentiens
1190 3767 1284 3844 dicit,

109 3890 185 3931 cum
210 3870 342 3932 omittat
367 3892 512 3935 caseum.
546 3872 745 3957 Ignorantes
762 3876 850 3937 enim
873 3876 964 3938 illum
981 3876 1128 3960 quidem,
1146 3876 1283 3959 qualem

108 3976 254 4040 Romani
279 3979 457 4042 artificiose
484 3979 720 4056 conficiebant,
737 3981 927 4045 Germanos
945 3982 1088 4045 densare
1107 3983 1170 4057 lac,
1189 3985 1282 4068 quod

108 4099 304 4148 concretum
328 4087 478 4170 appellat
494 4087 647 4164 Tacitus,
672 4089 787 4152 solitos
812 4111 885 4152 esse
910 4112 953 4152 ex
969 4090 1067 4152 Plinii
1090 4090 1176 4153 Hist.
1199 4090 1281 4155 Nat.

107 4189 160 4255 XI
184 4197 246 4257 239
272 4214 481 4278 cognoscere
506 4195 593 4258 licet.
