2994 4988
547 391 858 454 ..„5g..

168 604 236 670 quo
260 604 413 647 socerum
439 605 511 648 esse
529 585 685 671 ingenico
711 597 909 670 ognoverat,
927 584 980 650 cui
1002 596 1201 670 praeturam
1224 587 1315 651 tarda·

164 703 270 768 verat,
302 713 404 777 quem
435 693 543 755 soceri
575 693 708 755 nomine
739 692 884 756 laeserat
915 705 1017 777 atque
1043 693 1175 757 oderat.
1218 693 1252 758 Si
1272 696 1317 757 ni·
1366 747 1369 787 ;

165 800 272 875 sisset,
297 799 449 876 Tacitus,
474 800 530 884 qui
555 821 590 863 se
615 821 634 862 a
659 800 855 863 Domitiano
880 813 1074 884 praetorem
1105 801 1237 864 factum
1260 824 1318 866 esse
1367 791 1369 799 ¹

164 906 282 984 dixit,1
317 927 353 968 se
389 905 433 969 ab
469 907 590 969 eodem
626 928 702 969 cum
739 907 879 992 imperio
908 908 941 969 in
964 907 1177 991 provinciam
1201 909 1318 972 missum

164 1034 238 1076 esse
263 1033 323 1076 cur
347 1011 521 1076 celaret?²
544 1013 613 1077 Sed
647 1034 750 1077 causa
781 1013 953 1077 absentiae
985 1036 1024 1077 ea
1055 1015 1191 1078 videtur
1222 1017 1319 1093 fuisse,
1366 1033 1369 1083 ζ

163 1131 201 1183 ut
236 1120 278 1183 de
315 1141 355 1183 ea
391 1120 482 1205 loqui
519 1120 681 1195 taederet,
717 1142 776 1183 seu
810 1121 923 1184 taedio
951 1122 1150 1200 ,servitutis
1175 1124 1321 1208 adempto

166 1249 228 1312 per
261 1227 491 1311 inquisitiones
526 1228 626 1290 etiam
658 1227 817 1312 loquendi
850 1228 1077 1314 audiendique
1110 1230 1319 1294 commercio“

166 1356 227 1397 sua
263 1345 384 1418 sponte
418 1332 537 1396 urbem
583 1334 716 1418 reliquit
755 1335 936 1420 „deditque
981 1336 1112 1421 grande
1153 1338 1321 1421 patientiae
1367 1362 1369 1419 f

168 1441 437 1517 documentum,“
476 1463 535 1504 seu
574 1441 682 1520 „omni
718 1440 808 1504 bona
842 1454 914 1505 arte
951 1443 984 1505 in
1008 1442 1146 1506 exilium
1171 1449 1266 1508 acta“
1289 1465 1321 1507 ex
1367 1437 1369 1476 :

166 1547 249 1611 urbe
274 1559 422 1611 remotus
447 1560 507 1625 est,
532 1569 609 1611 cum
634 1548 775 1613 fortasse
799 1548 925 1612 liberae
960 1551 1129 1635 quaedam
1162 1572 1263 1615 voces
1287 1550 1322 1614 ad
1367 1558 1369 1585 ²

166 1677 265 1719 aures
296 1655 457 1740 principis
489 1657 732 1740 pervenissent.
788 1656 951 1733 Accedit,
984 1658 1076 1743 quod
1108 1657 1151 1722 de
1185 1671 1321 1744 tempore

166 1784 233 1848 quo
258 1764 290 1824 in
314 1764 522 1847 provinciam
547 1762 666 1827 abierit
690 1786 800 1848 quove
818 1765 965 1840 redierit,
991 1765 1070 1827 nihil
1092 1777 1237 1829 constat.
1254 1764 1322 1828 Post

166 1882 308 1932 mortem
344 1871 452 1933 soceri
487 1870 646 1933 Tacitum
670 1871 876 1955 aliquamdiu
912 1871 955 1934 ab
993 1871 1076 1934 urbe
1112 1873 1257 1949 afuisse,
1289 1893 1322 1933 ex
1366 1864 1369 1871 ’

165 1978 270 2061 ipsius
301 1976 413 2039 verbis
449 1977 609 2062 ,legimus
641 2027 648 2040 .
685 2026 692 2040 .
727 2026 733 2040 .
762 1978 907 2062 capitale
939 1979 1062 2041 fuisse“
1099 1977 1199 2064 (Agr.
1236 1979 1268 2063 1)
1297 1987 1323 2039 et

167 2084 264 2147 Plinii
303 2083 431 2147 verbis:
481 2086 711 2164 „demonstro,
748 2107 953 2170 quamquam
997 2085 1206 2171 diligentiam
1245 2097 1324 2148 tuam

167 2192 322 2276 effugere
346 2214 413 2254 non
437 2194 554 2276 possit,
579 2214 654 2255 cum
679 2194 721 2255 sit
745 2194 777 2254 in
801 2191 944 2277 publicis
969 2192 1072 2255 actis“
1099 2194 1166 2276 (ep.
1193 2192 1257 2255 Vll
1281 2192 1324 2272 33)

167 2304 345 2383 apparet.3
368 2299 487 2384 ltaque
513 2300 655 2363 Tacitus
680 2322 746 2363 non
771 2299 874 2362 multo
900 2311 978 2362 ante
1002 2313 1060 2362 aut
1084 2310 1162 2384 post
1195 2310 1326 2362 mortem

167 2407 351 2470 Domitiani
375 2407 521 2471 Romam
547 2409 679 2470 videtur
703 2408 851 2470 rediisse.
884 2406 920 2470 Si
944 2429 1032 2469 anno
1057 2411 1098 2471 93
1134 2420 1213 2491 post
1237 2405 1328 2491 Agri·

168 2514 262 2578 colae
287 2527 428 2577 mortem
454 2537 590 2578 munere
615 2515 785 2598 praetorio
817 2515 954 2576 functus
983 2513 1146 2590 rediisset,
1171 2514 1199 2577 si
1223 2511 1330 2576 Domi·

167 2622 277 2684 tianus
313 2621 509 2707 Agricolam
545 2622 670 2696 solum,
705 2642 772 2683 non
808 2620 967 2683 Tacitum
1000 2641 1164 2705 generum
1202 2619 1330 2692 odisset,

168 2750 228 2792 cur
250 2741 327 2813 post
352 2727 479 2790 obitum
504 2726 687 2813 Agricolae
713 2749 848 2789 reverso
874 2726 980 2790 tribus
1005 2726 1100 2789 annis
1125 2727 1331 2790 consulatum

167 2858 234 2900 non
258 2834 454 2898 mandavit?
480 2835 580 2912 Quae
605 2856 681 2898 cum
707 2836 752 2898 ita
777 2835 852 2911 sint,
870 2835 969 2898 ullam
987 2834 1197 2918 provinciam
1214 2833 1332 2896 Tacito

167 2943 210 3007 ab
235 2944 439 3028 imperatore
471 2943 711 3006 demandatam
745 2965 818 3005 esse
850 2943 1008 3027 equidem
1040 2941 1248 3027 negaverim.
1303 2938 1335 3001 ln

168 3047 385 3114 Germaniam
410 3073 490 3114 vero
515 3051 674 3114 Tacitum
698 3072 765 3113 non
790 3051 927 3112 missurn
951 3070 1024 3112 esse
1048 3059 1210 3132 praetura
1245 3047 1334 3109 func·

168 3170 239 3221 tum
262 3170 406 3243 apparet
431 3179 473 3220 ex
497 3159 562 3221 hac
587 3179 633 3234 re,
663 3179 764 3242 quam
787 3155 1000 3219 Liebenam4
1032 3154 1074 3217 de
1107 3154 1229 3239 legatis
1259 3174 1335 3238 pro-

168 3266 353 3328 vinciarum
385 3286 472 3349 quae
504 3265 627 3328 tradita
658 3277 735 3327 sunt
766 3262 1002 3347 componendo
1045 3273 1079 3323 et
1110 3259 1333 3323 examinando

168 3371 415 3457 comprobavit,
433 3373 526 3457 quod
542 3373 574 3434 in
591 3370 810 3435 Germaniam
835 3370 1029 3432 inferiorem
1053 3368 1162 3451 primo
1186 3388 1220 3451 p.
1254 3365 1332 3431 Chr.

257 3549 266 3579 ¹
288 3552 385 3602 Annal.
406 3552 445 3600 Xl
467 3553 507 3617 11,
527 3551 598 3600 Hist.
617 3551 630 3599 I
651 3554 674 3600 1.

257 3638 266 3666 ²
286 3641 315 3690 Si
335 3643 362 3689 in
383 3641 562 3691 Germaniam
582 3656 611 3688 se
633 3643 746 3688 missum
767 3654 828 3688 esse
848 3637 1034 3701 profiteretur,
1054 3635 1137 3684 fidem
1157 3634 1276 3684 adderet
1295 3636 1335 3699 iis,

166 3745 237 3794 quae
257 3730 351 3779 tradit.

256 3818 266 3849 ³
284 3820 316 3868 In
336 3821 429 3869 verbis
441 3820 521 3884 (Agr.
535 3820 595 3884 45):
612 3820 695 3882 „Mox
715 3826 827 3867 nostrae
848 3817 951 3865 duxere
966 3814 1125 3865 Helvidium
1146 3815 1172 3860 in
1194 3827 1335 3862 carcerem

168 3924 274 3970 manus,
294 3924 345 3956 nos
365 3911 507 3957 innocenti
528 3911 663 3972 sanguine
686 3908 805 3959 Senecio
825 3905 962 3969 perfudit“
985 3905 1044 3952 illas
1072 3917 1170 3951 voces:
1199 3908 1336 3965 „nostrae

168 3999 234 4047 nos“
257 3988 290 4047 de
311 4000 449 4061 scriptore
470 4000 531 4060 ipso
551 3998 715 4061 intellegere
736 3996 808 4043 nulla
829 4009 858 4042 re
879 3996 1015 4057 cogimur.

255 4085 488 4151 4Forschungen
508 4103 555 4135 zur
576 4082 939 4148 Verwaltungsgeschichte
960 4082 1008 4131 des
1022 4083 1104 4129 Rom.
1116 4080 1336 4129 Kaiserreiches.

165 4177 186 4225 Ι.
215 4176 301 4238 Band,
330 4176 384 4224 Die
413 4176 540 4240 Legaten
569 4178 595 4223 in
625 4176 678 4224 den
705 4176 774 4222 rdm.
795 4171 959 4222 Provinzen.
984 4171 1049 4233 Lps.
1079 4172 1113 4219 88
1141 4184 1168 4231 p.
1196 4171 1256 4233 197,
1276 4171 1335 4232 213,

166 4267 226 4328 459,
247 4267 307 4315 460.
