2978 4988
577 377 799 440 ..63-

166 586 249 637 taret
280 596 300 636 a
326 572 495 634 Vestricio
528 570 697 655 Spurinna
730 570 844 654 legato
876 568 1033 652 auspiciis
1065 567 1276 650 imperatoris

168 681 246 743 tiani
280 679 324 742 ad
355 677 513 740 Rhenum
547 676 784 741 commorantis
816 696 933 761 regem
967 696 986 736 a
1014 673 1187 737 Bructeris
1225 695 1277 737 se-

169 788 235 850 osis
260 785 435 868 expulsum
461 785 493 846 in
518 805 659 869 regnum
684 783 860 845 reductum
886 803 968 845 esse.
997 780 1073 844 Hac
1098 781 1276 844 occasione

171 906 221 956 ata
257 893 382 955 vicinas
417 892 571 953 nationes
606 891 638 952 in
674 888 916 952 Bructerorum
952 901 1074 951 terram
1115 888 1276 950 invasisse

173 1021 348 1084 nanosque
373 999 540 1061 adiuvisse
564 1019 630 1060 non
648 996 793 1059 alienum
809 996 973 1059 videatur.
1002 994 1144 1058 Tacitus
1161 1007 1276 1058 autem

174 1128 288 1191 equam
312 1105 443 1167 litterae
460 1103 617 1188 publicae
639 1104 760 1167 allatae
778 1117 885 1180 erant,
906 1124 993 1188 quae
1010 1103 1118 1187 primo
1136 1102 1275 1165 rumori·

196 1210 483 1298 exaggerantibus
508 1211 655 1274 Romam
686 1211 839 1274 nuntiata
871 1222 977 1286 erant,
1009 1210 1146 1272 inseruit
1180 1208 1277 1286 libr0‚
1348 1280 1349 1283 Ἴ

178 1343 185 1382 ι
210 1319 353 1383 libenter
377 1341 416 1381 ea
441 1318 606 1395 crederet,
632 1339 719 1402 quae
743 1340 824 1381 vera
849 1340 921 1381 esse
947 1317 1058 1380 vellet.

198 1425 311 1489 Albim
348 1426 484 1509 quidem
517 1424 642 1488 flumen
677 1427 704 1488 si
739 1425 881 1489 Tacitus
915 1425 987 1509 ipse
1018 1425 1176 1501 vidisset,
1209 1445 1277 1486 non

182 1534 317 1618 psisset:
346 1531 463 1612 ,Albis
497 1531 623 1595 flumen
658 1533 809 1596 inclitum
843 1545 876 1596 et
910 1546 1027 1595 notum
1063 1533 1151 1608 olim,
1187 1551 1277 1595 nunc

182 1662 238 1703 um
262 1640 415 1702 auditur“
443 1641 486 1721 (c.
512 1641 577 1721 41).

196 1746 378 1809 Praeterea
403 1745 562 1809 Chaucos
586 1768 653 1808 non
677 1747 723 1809 ita
747 1746 995 1831 descripturum
1019 1746 1123 1809 fuisse
1154 1767 1277 1809 censeo

187 1855 278 1929 itum,
303 1865 339 1916 ut
363 1854 446 1915 lecit
470 1855 511 1935 (e.
538 1856 603 1936 35),
628 1855 654 1916 si
680 1876 806 1930 eorum,
831 1856 888 1939 qui
911 1855 943 1916 in
976 1855 1076 1916 maris
1101 1854 1197 1931 litore
1231 1855 1279 1916 in-

190 1983 256 2046 que
280 1959 491 2038 habitabant,
516 1961 619 2023 vitam
644 1962 873 2038 miserrimam,
898 1963 1030 2046 qualem
1055 1961 1197 2038 Plinius,
1222 1963 1278 2047 qui

192 2089 269 2130 sens
292 2080 442 2143 noverat,
468 2067 639 2144 describit,
664 2069 731 2131 suis
756 2069 860 2131 oculis
884 2069 1058 2132 vidisset.l

199 2191 369 2254 Nonnulla
403 2213 527 2267 eorum,
562 2213 649 2276 quae
685 2191 826 2255 Tacitus
862 2194 895 2255 in
919 2195 983 2256 hoc
1019 2193 1061 2256 de
1095 2193 1279 2258 Germania

194 2299 220 2362 lo
252 2320 281 2360 a.
312 2302 352 2361 98
385 2297 476 2359 edito
505 2298 649 2380 scripsit,
674 2299 886 2361 historiarum
920 2312 954 2361 et
989 2300 1158 2363 annalium
1188 2300 1280 2364 libris

196 2405 256 2468 tlsa
281 2405 426 2489 fictaque
453 2405 707 2468 convincuntur.
756 2404 862 2481 Quod
886 2428 953 2467 non
978 2419 1047 2468 tam
1070 2407 1172 2470 facile
1206 2408 1277 2470 fieri

198 2513 283 2588 isset,
308 2514 334 2574 si
359 2512 453 2574 annis
479 2516 619 2587 90—93,
645 2525 681 2574 ut
704 2513 807 2587 aiunt,
833 2513 865 2574 in
882 2511 1067 2576 Germania
1092 2514 1163 2599 ipse
1189 2535 1280 2578 com-

200 2632 257 2681 tus
282 2633 381 2682 esset.
419 2618 532 2682 Unum
557 2619 750 2703 exemplum
774 2619 924 2682 attulisse
950 2622 1031 2684 satis
1055 2622 1128 2684 erit.
1154 2617 1292 2685 llnnal.v

201 2731 241 2791 20
275 2727 306 2788 T
310 2727 416 2788 acitus
456 2727 559 2789 haec:
600 2725 756 2806 ,Curtius
795 2726 909 2790 Rufus
950 2729 992 2809 (a.
1019 2730 1086 2810 47.)
1126 2729 1159 2790 in
1195 2751 1279 2814 agro

203 2835 276 2897 iaco
301 2833 485 2896 recluserat
509 2854 632 2917 specus
656 2834 859 2917 quaerendis
884 2836 977 2897 venis
1009 2837 1158 2922 argenti3
1190 2838 1280 2900 unde

207 3085 210 3113 ²
230 3084 417 3134 Conferantur
437 3085 507 3132 haec
528 3084 621 3132 Taciti
642 3084 675 3131 de
686 3085 798 3144 Fennis,
818 3100 936 3147 quorum
955 3085 1144 3134 foedissimam
1165 3102 1282 3150 pauper·

217 3175 276 3236 ipse
297 3174 429 3221 describit
455 3174 490 3236 (c.
517 3174 570 3237 46),
598 3174 700 3221 verba:
730 3174 845 3237 „Securi
870 3174 1005 3223 adversus
1033 3176 1169 3237 homines,
1190 3178 1281 3225 securi

213 3279 244 3311 us
265 3263 332 3310 deos
354 3278 413 3310 rem
433 3263 624 3311 difficillimam
645 3265 767 3312 assecuti
787 3270 860 3325 sunt,
881 3270 910 3312 ut
930 3265 982 3313 illis
1009 3280 1042 3312 ne
1073 3271 1141 3313 voto
1168 3266 1281 3331 quidem

211 3353 306 3400 esset.“
350 3352 423 3399 Ecce
453 3351 586 3400 iudicium
617 3354 668 3399 viri
701 3353 734 3400 de
762 3355 827 3414 vita,
857 3355 935 3401 cuius
961 3369 1109 3403 aerumnas
1137 3357 1197 3418 ipse
1226 3371 1281 3403 non

212 3447 227 3488 t.
265 3441 353 3489 Simili
374 3440 458 3488 modo
479 3440 585 3489 Seneca
607 3441 640 3489 de
662 3457 741 3504 prov.
762 3444 814 3490 4.12
837 3442 908 3491 haec
929 3444 963 3490 de
979 3443 1140 3492 Germanis:
1162 3445 1282 3508 „Misera

213 3529 329 3577 dentur?
369 3530 444 3577 Nihil
464 3531 596 3579 miserum
617 3537 668 3592 est,
688 3531 764 3594 quod
784 3533 811 3579 in
831 3537 958 3579 naturam
979 3532 1155 3582 consuetudo
1182 3533 1282 3596 perdu-

214 3619 336 3666 'aulatim
365 3620 437 3665 eninr
466 3620 603 3681 voluptati
633 3627 709 3681 sunt,
738 3636 809 3684 quae
841 3623 1010 3671 necessitate
1039 3625 1217 3685 coeperunt.“
1248 3652 1281 3660 -

219 3723 239 3766 s,
260 3708 376 3768 Seneca,
395 3707 525 3755 Lucanus
545 3708 609 3770 (VII
628 3711 679 3758 432
706 3710 776 3773 sqq.)
806 3711 967 3760 Stoicorum
993 3711 1094 3760 eruditi
1123 3715 1282 3775 praeceptis

221 3812 255 3844 ue
275 3797 386 3845 beatam
406 3799 434 3844 in
453 3798 604 3845 securitate
620 3797 753 3846 adversus
775 3800 902 3850 homines
923 3801 1046 3864 deosque
1066 3803 1083 3851 i.
1105 3817 1128 3850 e.
1147 3802 1282 3852 adversus

230 3889 302 3934 ictus
322 3887 450 3934 fortunae
470 3888 590 3948 positam
610 3889 672 3947 rati,
693 3887 859 3949 Germanos,
884 3905 954 3952 quos
980 3893 1150 3954 contemptis
1178 3892 1282 3942 divitiis
1312 3940 1314 3944 .

220 3977 326 4022 avitae
346 3976 525 4038 simplicitate
546 3981 573 4024 et
593 3977 756 4039 integritate
783 3979 877 4024 vivere
907 3979 990 4027 fando
1015 3981 1180 4029 audiverant
1208 3981 1282 4046 lege·

239 4064 338 4111 beatos
358 4064 566 4126 praedicabant.
605 4065 729 4126 Caesari,
751 4066 867 4125 Velleio,
892 4067 991 4129 Plinio,
1012 4071 1058 4131 qui
1078 4071 1130 4132 ipsi
1159 4072 1186 4118 in
1214 4070 1282 4120 Ger-

232 4153 401 4216 aliquamdiu
428 4155 594 4202 commorati
624 4160 711 4215 erant,
738 4156 795 4203 vita
824 4155 987 4218 incolarum,
1016 4172 1099 4223 quarn
1119 4164 1282 4223 praesentes

228 4248 315 4304 erant,
336 4258 389 4291 non
410 4243 492 4291 beata
513 4242 699 4306 praedicanda
719 4245 778 4293 visa
799 4248 849 4296 est.
