2978 4988
741 397 960 462 „50-

269 595 297 666 l,
323 592 389 673 34).
414 590 497 653 Post
520 589 623 653 Drusi
647 602 789 653 mortem
812 590 971 654 Tiberius
995 591 1083 667 dolo,
1108 591 1294 678 largiendo
1319 594 1426 669 effecit,

265 708 302 759 ut
325 697 489 781 plurimae
513 692 761 759 Germanorum
791 710 912 782 gentes
943 699 1030 760 inter
1060 697 1223 761 Rhenum
1257 699 1428 785 Albimque

265 803 402 865 flumina
436 802 628 866 habitantes
652 803 886 866 Romanorum
926 804 1066 887 imperio
1102 825 1138 866 se
1162 804 1365 870 subicerent
1386 819 1433 870 aut

264 910 406 973 foedera
432 931 506 972 cum
533 910 697 972 Romanis
722 911 853 973 inirent.
886 909 1021 986 Quibus
1045 910 1145 976 rebus
1167 914 1280 997 gestis
1299 914 1433 978 Romani

264 1018 297 1079 in
331 1017 405 1101 ipsa
429 1016 612 1080 Germania
647 1017 739 1080 velut
774 1019 807 1079 in
842 1019 1016 1101 provincia
1047 1017 1206 1082 Romana
1231 1019 1436 1106 aliquamdiu

264 1126 550 1209 imperitaverunt,
585 1126 694 1188 donec
727 1125 811 1187 Vari
846 1125 961 1188 clades
993 1138 1110 1188 secuta
1142 1139 1203 1190 est.
1253 1127 1318 1192 Ad
1344 1151 1437 1215 quam

263 1232 494 1295 ulciscendam
518 1246 551 1295 et
575 1234 751 1316 imperium
775 1233 1008 1296 Romanorum
1033 1234 1065 1294 in
1094 1232 1282 1297 Germania
1311 1238 1440 1300 restitu-
1475 1228 1479 1329 l

264 1339 387 1402 endum
412 1339 646 1417 Germanicus,
670 1340 772 1403 Drusi
797 1341 893 1416 filius,
928 1352 996 1402 tres
1030 1341 1268 1425 expeditiones
1305 1344 1341 1406 in
1366 1346 1441 1408 inte·

263 1447 384 1508 riorem
409 1459 533 1509 terram
557 1448 649 1509 iecit.
713 1446 774 1509 His
810 1445 964 1509 omnibus
1002 1446 1096 1510 bellis
1131 1447 1282 1511 Romani
1319 1464 1440 1515 terram

262 1553 482 1638 hominesque
518 1568 761 1639 cognoverant,
787 1566 820 1616 et
856 1553 949 1615 multi
985 1553 1148 1617 Germani
1171 1556 1264 1639 capti
1290 1556 1441 1621 Romam

262 1672 435 1724 venerant.
482 1660 716 1724 Romanorum
748 1662 892 1724 invicem
924 1661 1018 1723 multi
1051 1660 1146 1724 bellis
1180 1664 1274 1746 capti
1320 1666 1442 1728 multos

262 1788 368 1830 annos
393 1768 425 1829 in
450 1767 632 1831 Germania
657 1770 781 1831 versati
799 1768 946 1831 Romam
972 1769 1152 1832 redierant.
1177 1769 1441 1836 A‘Germanico

262 1876 457 1960 permultos
483 1877 539 1960 qui
564 1875 823 1959 tempestatibus
853 1876 885 1936 in
919 1876 1043 1938 insulas
1078 1888 1253 1961 terrasque
1290 1894 1442 1944 remotas

262 1982 392 2045 disiecti
418 1982 471 2044 vel
495 1982 662 2065 prioribus
687 1982 781 2046 bellis
806 1984 897 2067 capti
922 1996 1029 2059 erant,
1054 1996 1212 2068 receptos
1237 2006 1315 2048 esse
1341 1987 1444 2051 Taci-

262 2101 315 2152 tus
340 2091 410 2173 ipse
436 2089 558 2172 (annal.
586 2089 615 2151 II
644 2091 698 2171 24)
733 2090 853 2152 tradit:
892 2090 1050 2169 ,Multos
1085 2092 1203 2176 inquit,
1229 2090 1442 2177 Ampsivarii

261 2218 369 2280 nuper
393 2198 424 2259 in
441 2196 543 2259 fidem
560 2198 693 2281 accepti
716 2197 909 2281 redemptos
933 2197 976 2260 ab
1007 2197 1219 2261 interioribus
1245 2199 1442 2265 reddidere.

261 2303 310 2367 Ut
334 2305 408 2389 quis
433 2326 476 2366 ex
499 2304 684 2389 longinquo
718 2318 906 2379 revenerat,
941 2304 1101 2367 miracula
1135 2304 1335 2383 narrabant,
1372 2309 1444 2371 visa

261 2412 331 2475 sive
357 2434 399 2475 ex
424 2424 525 2475 metu·
541 2413 700 2475 credita.“

350 2518 534 2582 Praeterea
568 2541 727 2582 numerus
762 2519 1027 2595 Germanorum,
1064 2520 1120 2603 qui
1158 2521 1189 2581 in
1228 2523 1441 2587 exercitibus

261 2626 425 2688 Romanis
449 2627 617 2710 stipendia
642 2626 825 2701 merebant,
850 2649 870 2688 a
888 2626 1044 2689 Caesaris
1069 2626 1279 2710 temporibus
1304 2629 1339 2691 in
1367 2631 1440 2694 dies

260 2746 380 2796 auctus
405 2747 486 2795 erat.
512 2733 612 2795 Multi
637 2734 826 2816 principum
850 2732 917 2809 filii,
943 2746 980 2796 ut
1004 2731 1186 2809 Arminius,
1224 2734 1354 2813 ,duces
1379 2759 1442 2821 po·

261 2841 426 2925 pularium
450 2846 660 2903 meruerant“
688 2839 824 2922 (Annal.
851 2839 879 2901 ΙΙ
907 2843 970 2923 10).
1007 2839 1197 2903 Germanos
1223 2842 1439 2925 imperatori-

261 2948 323 3011 bus
348 2949 507 3012 custodes
537 2948 707 3024 adfuisse,
732 2969 808 3011 cum
840 2948 877 3010 iis
901 2949 1046 3010 maxime
1072 2948 1292 3024 confiderent,
1318 2963 1439 3014 notum

261 3069 312 3118 est
325 3054 460 3140 (Annal.
478 3055 491 3117 Ι
506 3062 557 3131 24,
571 3054 641 3117 XV
655 3057 720 3137 58).
735 3055 863 3118 Videre
879 3057 989 3139 potuit
1002 3054 1144 3118 Tacitus
1157 3056 1228 3138 ipse
1243 3054 1437 3120 Germanos

261 3185 444 3247 eorumque
468 3185 640 3226 sermones
670 3164 797 3237 audire,
828 3163 915 3224 inter
946 3183 1004 3224 eos
1028 3163 1207 3248 insignium
1231 3162 1435 3248 principum,

261 3270 317 3354 qui
350 3283 408 3356 aut
441 3272 473 3332 in
504 3270 707 3333 exercitibus
732 3270 964 3332 Romanorum
996 3269 1199 3344 militabant,
1229 3282 1287 3332 aut
1319 3271 1434 3357 legati,

261 3375 407 3452 obsides
425 3378 552 3453 exuleS,
565 3377 707 3439 aliamve
725 3377 768 3439 ob
783 3398 919 3439 causam
933 3377 966 3437 in
979 3375 1074 3438 Italia
1092 3388 1195 3461 atque
1209 3377 1239 3438 in
1258 3377 1333 3460 ipsa
1350 3378 1435 3442 urbe

260 3483 373 3546 Roma
406 3484 611 3569 aliquamdiu
647 3482 852 3569 degebant.1
910 3484 946 3545 ln
979 3506 1075 3545 usum
1107 3505 1203 3546 suum
1232 3498 1434 3548 convertere

259 3591 369 3674 potuit
394 3592 494 3653 homo
516 3592 705 3674 praetorius
729 3592 856 3653 litteras
881 3591 1069 3676 legatorum
1093 3590 1302 3674 aliorumque
1327 3593 1453 3677 magi-

259 3708 435 3771 stratuum,
452 3699 508 3782 qui
533 3697 721 3784 legionibus
737 3697 849 3760 Rheni
866 3697 1080 3782 Danuviique
1103 3698 1192 3781 ripas
1213 3698 1479 3761 custodienti—

260 3803 322 3867 bus
352 3805 536 3889 praepositi
561 3826 758 3890 summaque
791 3804 978 3867 eruditione
1011 3805 1155 3888 praediti
1188 3825 1327 3868 munere
1357 3805 1479 3889 ipsc:

259 3911 536 3988 adducebantur,
561 3925 597 3974 ut
622 3934 721 3996 quam
746 3913 1032 3976 accuratissimam
1057 3924 1166 3974 terrae
1191 3911 1479 3994 hominumquffi

259 4019 486 4103 cognitionem
511 4018 572 4081 sibi
596 4032 766 4103 pararent.
815 4019 873 4081 Illo
898 4019 972 4102 ipso
1004 4031 1167 4102 tempore,
1196 4037 1265 4101 quo
1289 4017 1479 4080 Tacitu=

348 4265 356 4294 ¹
376 4266 412 4317 cf.
432 4283 455 4319 c.
476 4269 523 4320 20:
543 4270 570 4316 in
590 4268 642 4317 hos
661 4272 748 4329 artus,
768 4269 795 4316 in
814 4268 885 4317 haec
905 4282 1032 4331 corpora,
1053 4282 1123 4331 quae
1144 4267 1287 4317 miramur.
