2978 4988
154 1565 248 1682 „De
282 1602 443 1680 fontibus
477 1605 565 1668 unde
589 1605 741 1680 Tacitus,
776 1627 864 1690 quae
896 1605 938 1667 de
972 1606 1082 1689 patria
1117 1620 1231 1669 nostra

62 1711 213 1787 tradidit,
244 1711 405 1788 hausisse,
439 1712 550 1797 deque
576 1714 725 1788 consilio,
760 1713 852 1797 quod
885 1712 1122 1776 inscribendo
1148 1714 1231 1776 libro

60 1818 103 1881 de
130 1817 312 1881 Germania
346 1831 482 1881 secutus
518 1842 591 1882 esse
624 1820 774 1881 videtur“
811 1831 947 1882 centum
978 1819 1101 1882 abhinc
1126 1842 1231 1883 annos

60 1925 196 2008 scripsit
218 1922 415 1988 Ludovicus
439 1925 635 1989 Voeickel¹.
664 1925 715 1990 Ac
741 1927 782 1988 de
808 1926 946 1989 consilio
980 1928 1115 2011 quidem
1150 1929 1230 1989 satis

60 2031 165 2095 habet
182 2053 299 2094 eorum
315 2035 515 2095 sententiam
533 2035 711 2108 refutasse,
728 2023 784 2118 qui
802 2046 922 2117 putent
939 2032 1057 2095 librum
1076 2057 1095 2095 a
1109 2035 1231 2097 Tacito

61 2140 224 2223 scriptum
248 2161 321 2202 esse
346 2140 390 2202 ad
415 2154 593 2224 corruptos
610 2140 843 2202 Romanorum
868 2162 977 2202 mores
1002 2142 1229 2225 castigandos.

62 2245 151 2308 Tam
175 2245 299 2308 multae
317 2259 431 2309 autem
448 2248 490 2310 de
508 2249 562 2310 iila
580 2271 615 2310 re
632 2261 751 2332 postea
768 2249 921 2332 prolatae
939 2261 1015 2309 sunt
1033 2249 1229 2321 sententiae,

61 2364 98 2415 ut
115 2352 172 2415 vix
195 2352 297 2415 ullum
321 2353 441 2416 librum
467 2376 550 2427 esse,
576 2356 618 2417 de
636 2357 729 2417 cuius
755 2355 892 2416 consilio
918 2355 1030 2436 plures
1055 2356 1230 2439 magisque

61 2459 296 2543 discrepantes
308 2462 496 2523 sententiae
510 2463 661 2546 prolatae
676 2464 750 2531 sint,
765 2474 857 2525 recte
872 2463 1035 2523 monuerit
1049 2462 1229 2524 Kritzius'2.

62 2565 160 2642 Quas
184 2567 242 2651 qui
264 2567 476 2650 protulerunt
500 2569 694 2643 sententias,
720 2591 786 2631 non
811 2591 926 2631 omnes
943 2570 1024 2631 satis
1042 2570 1229 2652 respexisse

62 2674 141 2736 milri
165 2675 321 2737 videntur
346 2674 436 2750 iilud,
462 2677 552 2759 quod
570 2676 712 2739 Tacitus
737 2677 857 2759 ipsein
876 2675 986 2737 libello
1012 2680 1054 2757 (e.
1074 2682 1127 2749 2i)
1153 2698 1231 2760 pro-

61 2780 194 2843 fitetur:
223 2781 338 2864 „Haec
356 2783 388 2844 in
406 2804 582 2845 commune
607 2784 650 2846 de
668 2785 813 2844 onmium
831 2768 1077 2845 Germanorum
1103 2785 1230 2868 origine

60 2908 102 2950 ac
127 2887 274 2950 moribus
299 2890 501 2973 accepimus.
550 2890 650 2951 Nunc
675 2891 880 2974 singularum
904 2891 1055 2974 gentium
1082 2892 1229 2952 instituta

60 2996 211 3080 ritusque
247 2997 457 3081 expediam.“
512 2997 565 3058 Ex
600 2999 650 3059 his
684 2999 771 3059 enim
809 2996 918 3058 verbis
950 3019 1115 3081 apparere
1153 2999 1228 3058 mihi

60 3102 205 3179 videtur,
235 3103 358 3166 Tacito
383 3103 628 3167 Germanorum
662 3106 826 3188 originem
862 3125 901 3165 ac
926 3126 1045 3175 mores,
1081 3105 1230 3165 instituta

60 3211 211 3295 ritusque
235 3233 347 3295 perse
365 3211 468 3296 digna
486 3213 556 3273 visa
574 3233 656 3286 esse,
682 3233 768 3294 quae
791 3211 834 3272 ab
861 3212 933 3294 ipso
960 3209 1231 3272 describerentur

59 3317 255 3403 scriptaque
280 3340 300 3381 a
321 3318 449 3381 civibus
466 3320 675 3402 legerentur3
701 3319 791 3402 quod
818 3319 878 3380 nisi
896 3319 941 3379 ita
959 3331 1057 3387 esset,
1083 3319 1230 3400 oportuit

59 3424 221 3489 Taciturn
253 3426 380 3489 addere
412 3438 469 3488 aut
501 3426 613 3509 aliquo
646 3426 721 3488 ioco
756 3425 902 3487 dilucide
936 3424 1137 3508 significare,
1163 3445 1229 3506 quo

60 3531 200 3594 consilio
224 3530 344 3594 librum
375 3532 546 3596 scriberet.
595 3532 812 3616 Quamquam
845 3531 1061 3613 descriptioni
1087 3531 1140 3591 hic
1165 3530 1230 3592 illic

59 3639 213 3702 admixta
236 3653 324 3716 sunt,
357 3663 444 3725 quae
478 3661 553 3702 cum
586 3641 725 3702 aliorum
749 3639 992 3705 Romanorum,
1023 3650 1091 3698 tum
1118 3637 1229 3698 Taciti

60 3738 165 3830 ipsius
198 3747 440 3832 cogitationeS‚
473 3760 571 3822 vota,
606 3748 773 3810 desideria
809 3747 947 3829 integris
984 3745 1230 3808 Germanorum

60 3852 210 3917 moribus
233 3855 501 3939 contemplandis
533 3868 565 3917 et
591 3876 667 3917 cum
692 3855 857 3938 corruptis
882 3853 1114 3915 Romanorum
1147 3853 1230 3914 iilius

151 4066 160 4097 ¹
181 4071 365 4133 „prolusione
376 4087 430 4134 qua
444 4073 524 4119 simul
538 4072 674 4119 lectiones
693 4070 823 4117 hibernas
838 4086 861 4117 a.
881 4072 945 4119 ttss
956 4070 992 4116 'stt
1008 4071 1033 4115 in
1049 4070 1229 4114 universitate

59 4158 255 4225 Marpurgensi
273 4162 417 4211 habendas
436 4161 559 4209 indixit.“

150 4248 161 4277 ²
179 4253 207 4299 in
227 4251 293 4302 edit.
312 4253 359 4302 lib.
379 4267 443 4316 pag.
463 4253 487 4300 9.
