2978 4988
624 377 847 446 ..m-

170 579 296 645 bellum
324 579 472 663 scripsit,
497 578 664 641 Traianus
688 581 721 640 in
746 578 930 642 Germania
958 579 1185 663 principatum
1216 580 1321 641 iniit.l

171 689 251 764 luae
273 707 350 749 cum
365 686 412 749 ita
429 696 551 761 essent,
568 706 635 748 non
653 685 790 748 difficile
808 698 881 748 erat
896 686 1063 770 permulta
1081 686 1124 749 de
1142 684 1320 748 Germanis

173 793 350 877 omperire.

240 899 328 963 Cum
352 920 433 962 vero
456 910 534 982 post
559 897 692 961 cladem
716 898 900 962 Varianam
924 899 1186 984 Germanicique
1218 921 1322 983 expe·

175 1006 293 1069 itiones
329 1006 478 1091 legiones
513 1005 747 1068 Romanorum
782 1007 813 1068 in
851 1019 973 1070 terram
1010 1028 1105 1069 suam
1140 1018 1320 1090 penetrare

177 1113 369 1176 rohiberent
386 1111 560 1188 Germani,
584 1113 776 1175 accuratior
793 1113 995 1199 uberiorque
1021 1127 1130 1176 terrae
1156 1114 1321 1175 interioris

179 1231 306 1305 ,taeque
330 1219 537 1282 domesticae
561 1219 679 1281 notitia
704 1221 872 1282 emanavit
907 1243 949 1283 ex
983 1221 1204 1284 commercio:
1235 1242 1321 1281 mer-

180 1340 283 1390 ttores
308 1327 396 1389 enim
419 1326 653 1389 Romanorum
678 1325 872 1410 frequentes
903 1349 969 1390 non
995 1328 1102 1390 solum
1136 1349 1242 1411 usque
1276 1327 1320 1389 ad

182 1432 264 1497 lbim
286 1433 421 1510 flumen,
445 1433 507 1496 sed
530 1433 564 1494 in
588 1433 828 1496 remotissimas
845 1435 1002 1519 regiones
1019 1433 1222 1499 Germaniae
1240 1455 1320 1496 ven-

183 1551 350 1615 :averunt3
389 1540 514 1603 multae
554 1561 608 1602 res
652 1540 684 1601 in
724 1539 908 1603 Germania
948 1540 1195 1627 gignebantur,
1235 1562 1320 1625 quas

185 1647 306 1724 omani,
330 1668 398 1732 qua
422 1657 517 1709 erant
540 1646 682 1710 avaritia
706 1659 740 1709 et
763 1647 904 1723 luxuria,
922 1647 1142 1732 appetebant,
1167 1669 1319 1732 quasque

186 1754 321 1830 ermani,
354 1774 431 1817 cum
464 1754 646 1817 sensissent
677 1753 842 1817 Romanis
877 1754 909 1816 in
942 1776 1066 1840 magno
1099 1755 1208 1838 pretio
1234 1776 1319 1831 esse,

188 1860 425 1924 sufferebant.

239 1967 367 2032 Caesar
390 1969 456 2031 iam
484 1989 546 2047 „ex
568 1968 826 2052 percontatione
850 1981 1076 2032 mercatorum
1099 1969 1226 2054 ingenti
1249 1991 1320 2031 ma-

190 2075 324 2138 titudine
342 2096 522 2159 corporum
539 2073 729 2139 Germanos
746 2080 865 2138 esse“2
889 2076 1049 2160 cognovit
1070 2087 1104 2138 et
1132 2077 1195 2154 „ad
1213 2076 1320 2139 Ubios

192 2183 290 2245 altum
324 2182 370 2244 ait
406 2194 612 2245 mercatores
648 2183 889 2245 ventitasse.“3
943 2182 1002 2245 Ad
1037 2182 1169 2246 Suebos
1208 2197 1321 2245 autem

193 2288 426 2363 tercatoribus
451 2289 568 2374 inquit,
605 2299 656 2351 est
691 2289 802 2352 aditus
837 2289 946 2374 magis
982 2311 1033 2365 e0‚
1058 2300 1094 2352 ut
1118 2311 1206 2374 quae
1232 2288 1320 2352 bello

194 2396 312 2480 perint‚
337 2395 458 2480 quibus
482 2396 643 2472 vendant,
676 2396 836 2471 habeant,
873 2417 974 2480 quam
1010 2417 1077 2480 quo
1113 2396 1214 2459 ullam
1250 2418 1320 2458 rem

217 2524 253 2565 se
277 2502 450 2587 importari
475 2503 724 2566 desiderent.“4
770 2502 846 2566 Hoc
871 2503 1109 2566 commercium
1133 2502 1228 2566 bellis
1252 2525 1320 2565 non

196 2610 357 2672 minutum
392 2622 450 2672 aut
485 2609 664 2686 sublatum,
700 2609 761 2672 sed
796 2611 910 2694 potius
946 2591 1083 2674 auctum
1121 2632 1205 2685 esse,
1244 2631 1321 2672 cum

196 2737 237 2779 ae
262 2737 303 2780 ac
333 2717 562 2803 negotiatores
594 2716 742 2779 Romani
774 2717 926 2802 legiones
959 2730 1180 2802 sequerentur
1212 2730 1245 2780 et
1277 2717 1321 2780 ad

199 2822 288 2887 stella
312 2824 537 2900 considerent,
563 2845 605 2886 ex
628 2824 680 2886 his
704 2824 817 2887 Taciti
842 2823 954 2887 verbis
987 2837 1150 2909 apparet:
1187 2824 1319 2908 „Capta

220 2931 353 3015 direpta
387 2943 499 2994 castra
524 2930 694 3013 (Romana
727 2954 747 2993 a
778 2919 985 3014 Germanis).v
1027 2932 1116 2994 Dein
1148 2953 1254 3017 vagos
1289 2944 1321 2993 et

201 3037 244 3101 :is
277 3038 379 3101 modo
412 3039 541 3100 effusos
571 3038 657 3100 lixas
688 3039 986 3123 negotiatoresque
1018 3038 1195 3102 Romanos
1229 3040 1322 3100 inva-

202 3146 281 3207 nt“⁶
315 3157 348 3207 et
386 3144 576 3224 „Catualda
611 3145 763 3228 irrumpit
801 3146 928 3230 regiam
961 3144 1203 3229 castellumque
1228 3146 1321 3207 iuxta

203 3274 260 3314 rm.
310 3251 454 3313 Veteres
485 3251 551 3314 illic
582 3250 772 3314 Sueborum
803 3252 952 3335 praedae
985 3265 1019 3315 et
1050 3253 1172 3314 nostris
1202 3274 1219 3315 e
1244 3273 1322 3335 pro-

204 3358 269 3422 ciis
292 3358 380 3420 liirae
405 3377 447 3420 ac
476 3360 706 3444 negotiatores
740 3358 876 3442 reperti,
913 3380 997 3444 quos
1033 3359 1083 3421 ius
1120 3359 1320 3435 commercii,

208 3487 229 3527 n
266 3465 389 3548 cupido
425 3465 573 3551 augendi
607 3466 802 3550 pecuniam,
838 3477 1010 3550 postremo
1043 3465 1167 3528 oblivio
1191 3467 1321 3549 patriae

207 3593 218 3634 s
242 3592 411 3656 quemque
435 3572 479 3635 ab
503 3572 640 3636 sedibus
664 3572 820 3635 hostilem
845 3574 877 3634 in
901 3594 1021 3658 agrum
1046 3571 1322 3635 transtulerat“.⁶

208 3690 252 3742 tet
276 3700 318 3742 ex
347 3679 398 3742 his
430 3678 540 3741 verbis
574 3691 655 3756 tum,
693 3701 769 3742 cum
804 3679 1041 3743 Maroboduus
1064 3702 1084 3742 a
1109 3678 1320 3741 Catualdae

240 3873 399 3924 ¹Tacitnm
429 3877 474 3925 vel
503 3891 543 3936 ea,
573 3891 643 3940 quae
673 3892 688 3924 a
720 3879 836 3940 privatis
865 3877 1026 3925 hominibus
1046 3876 1166 3924 Romam
1195 3877 1321 3922 nuntiata

212 3970 238 4025 rt,
250 3967 464 4029 magistratuum
480 3967 580 4014 litteris
595 3982 650 4014 non
664 3967 791 4029 probata,
811 3969 838 4013 in
859 3981 938 4014 usum
959 3981 1039 4014 suum
1054 3967 1227 4013 convertisse
1243 3968 1322 4026 patet

215 4055 245 4114 is,
265 4070 336 4118 quae
357 4056 390 4104 de
410 4057 608 4105 Bructerorum
630 4055 739 4115 excidio
759 4056 853 4104 tradit.
874 4056 909 4118 (c.
930 4057 962 4104 33
985 4056 1082 4118 „Nunc
1103 4053 1267 4115 narratur.“)

241 4140 299 4194 2Β.
329 4145 363 4195 G.
389 4146 402 4193 I
426 4148 468 4194 39.
525 4143 534 4170 ³
559 4146 590 4194 B.
621 4146 655 4195 G.
680 4146 720 4193 IV
746 4148 769 4195 3.
825 4143 885 4194 4Β.
907 4145 941 4194 G.
960 4145 998 4192 IV
1020 4146 1044 4192 2.
1100 4141 1201 4191 ⁵Hist.
1220 4143 1259 4190 IV
1282 4144 1321 4190 15.

219 4233 269 4282 nal.
287 4234 314 4283 Π
333 4235 375 4284 62.

1110 4337 1142 4391 4*
