2978 4988
660 366 878 431 „lid

274 562 431 647 Uterque
468 562 641 648 ignorasse
684 562 818 625 videtur
853 562 1013 624 Rhenum
1048 585 1091 625 ex
1127 561 1356 646 compluribus
1409 642 1412 646 Δ

183 669 336 734 fontibus
373 668 553 732 confluere.
612 667 754 731 Tacitus
793 680 926 745 autem,
962 669 1019 752 qui
1054 668 1212 732 Caesaris
1253 669 1356 732 verba

184 789 335 853 noverat,
368 775 580 839 accuratiora
612 796 712 860 quarn
745 775 798 838 ille
831 776 874 839 de
905 777 1000 838 fonte
1025 775 1138 838 Rheni
1168 797 1204 838 se
1230 797 1357 861 cogno-

184 885 272 947 visse
296 896 405 967 putat,
431 903 508 945 cum
531 882 624 945 dicat
649 904 726 944 eum
751 905 792 944 ex
817 882 971 945 Raeticis
995 881 1141 966 Alpibus
1166 883 1254 957 oriri,
1289 906 1356 945 non

183 1013 228 1054 ex
267 990 462 1074 Lepontiis;
502 989 614 1052 addit:
658 990 850 1067 „inaccesso
898 1011 939 1053 ac
979 990 1157 1074 praecipiti
1197 991 1352 1066 vertice,“

184 1096 307 1184 quibus
339 1095 452 1160 verbis
482 1097 568 1159 haec
601 1117 689 1181 quae
722 1109 925 1181 sequuntur:
967 1097 1076 1174 ,molli
1110 1110 1142 1159 et
1175 1097 1357 1160 clementer

185 1204 279 1268 edito
303 1204 401 1288 iugo“
430 1224 606 1287 opponens
631 1204 802 1266 rhetorice
821 1216 962 1266 exornat
980 1204 1253 1287 descriptionem,
1280 1225 1356 1266 cum

174 1311 311 1374 'nullum
334 1311 537 1395 populorum
560 1311 719 1387 nominet,
744 1332 806 1395 per
830 1332 971 1395 quorum
996 1311 1078 1374 fines
1095 1311 1237 1373 Rhenus
1253 1311 1355 1384 fiuat3

185 1417 316 1482 Caesar
349 1438 431 1480 vero
466 1417 588 1480 multos
624 1438 823 1480 enumerans
859 1417 963 1480 multo
999 1417 1190 1480 accuratius
1223 1439 1356 1480 cursum

184 1525 330 1588 fluminis
354 1523 527 1600 describit,
551 1545 652 1608 quam
679 1524 821 1587 Tacitus
846 1523 958 1586 verbis
983 1523 1169 1608 ambiguis:
1204 1525 1356 1602 ,modico

184 1632 278 1695 flexu
302 1632 334 1694 in
358 1632 573 1696 occidentem
596 1637 741 1694 versus.“
791 1631 884 1695 Nihil
908 1632 989 1695 dicit
1014 1632 1156 1694 Tacitus
1190 1633 1232 1695 de
1264 1633 1357 1695 ostiis

185 1738 309 1814 Rheni,
345 1738 388 1801 de
422 1739 537 1801 insulis
570 1758 752 1824 earumque
788 1739 915 1802 incolis.
964 1738 1128 1802 Videmus
1160 1738 1274 1802 Taciti
1298 1741 1358 1801 mi-

185 1845 277 1910 noris
319 1845 504 1922 interesse,
544 1858 739 1908 accuratam
779 1846 1040 1931 descriptionem
1079 1847 1357 1932 geographicam‚

185 1975 288 2040 quarn
312 1964 447 2030 vocant,
472 1952 647 2038 praebere,
672 1974 774 2038 quam
792 1952 902 2016 verbis
924 1955 1165 2038 sententiisque
1183 1955 1358 2039 exquisitis

185 2073 340 2126 ornatam
350 2064 370 2123 ¹.

277 2168 377 2245 Quae
403 2168 544 2232 Tacitus
568 2190 594 2232 c.
625 2190 655 2232 2.
685 2168 724 2231 de
757 2167 890 2254 origine
918 2167 1165 2232 Germanorum
1196 2170 1357 2254 disputat,

186 2275 335 2360 Koepke
360 2289 536 2361 comparat
559 2297 636 2340 cum
660 2275 760 2340 Caes
785 2275 824 2338 B.
850 2275 892 2338 G.
918 2275 957 2338 ll.
983 2281 1012 2340 4.

278 2381 407 2446 Caesar
432 2405 473 2446 eo
507 2383 582 2447 loco
616 2383 698 2446 dicit
725 2383 923 2468 ,plerosque
948 2382 1073 2467 Belgas
1098 2404 1171 2446 esse
1198 2396 1289 2446 ortos
1314 2382 1357 2446 ab

185 2489 366 2554 Germanis
389 2490 616 2575 Rhenumque
651 2491 834 2576 antiquitus
876 2490 1051 2553 traductos
1083 2488 1128 2552 ibi
1164 2491 1357 2554 consedisse

185 2596 383 2683 Gallosque,
407 2599 464 2684 qui
489 2620 528 2660 ea
552 2598 627 2661 loca
644 2598 839 2674 incolerent,
858 2596 1026 2681 expulisse
1051 2645 1059 2660 .
1085 2645 1092 2660 .
1118 2646 1125 2661 .
1149 2596 1356 2672 CondrusoS,

185 2704 377 2781 Eburones,
418 2704 616 2781 CaeroesoS,
660 2704 850 2767 Paemanos
889 2727 955 2767 uno
995 2706 1139 2768 nomine⁴
1169 2704 1357 2768 Germanos

186 2813 380 2897 appellari.“
430 2812 577 2875 Videtur
600 2813 737 2897 quidem
761 2812 904 2875 Tacitus
927 2813 1012 2874 haec
1037 2812 1220 2896 respiciens
1244 2813 1357 2876 dicere

188 2920 399 3006 „Germanos
423 2920 600 3006 indigenas
626 2941 698 2982 esse
724 2920 944 3004 (argumentis
976 2920 1177 2982 sententiam
1210 2920 1357 3000 firmans)

189 3029 367 3114 pluresque
391 3029 503 3113 gentis
533 3049 605 3091 esse
639 3028 884 3119 appellationes
918 3029 950 3109 (a
983 3027 1057 3090 filiis
1089 3028 1271 3090 conditoris
1304 3027 1358 3090 dei

190 3149 277 3199 terra
301 3135 599 3217 editiderivatas),
635 3147 785 3205 ceterum
814 3133 1017 3197 Germaniae
1050 3133 1251 3197 vocabulum
1284 3157 1357 3197 esse

192 3262 306 3306 ·ecens
330 3255 364 3304 et
388 3264 495 3327 nuper
519 3242 682 3318 additum,
699 3243 870 3327 quoniam,
887 3243 944 3326 qui
961 3243 1059 3326 primi
1075 3242 1234 3304 Rhenum
1251 3254 1359 3304 trans·

193 3350 296 3432 gressi
325 3348 443 3413 Gallos
479 3350 668 3434 expulerint
702 3370 742 3412 ac
778 3371 867 3413 nunc
902 3350 1045 3436 Tungri,
1082 3362 1161 3412 tunc
1197 3349 1358 3412 Germani

195 3457 301 3520 iocati
325 3457 419 3520 sint.“
469 3456 631 3520 Ceterum
647 3456 790 3520 Tacitus
814 3457 856 3520 de
882 3457 1010 3541 origine
1032 3455 1289 3531 Germanorum,
1316 3457 1358 3519 de

197 3563 289 3627 rariis
333 3565 445 3649 gentis
484 3563 766 3649 appellationibus
815 3565 1050 3648 communique
1095 3564 1226 3626 nomine
1268 3585 1359 3626 com-

198 3671 333 3735 )lurium
356 3684 532 3735 auctorum
551 3672 734 3734 sententias
758 3673 899 3755 profert.
932 3671 1118 3733 Emanasse
1136 3671 1281 3733 arbitror
1306 3693 1357 3745 ea,

199 3799 275 3864 [uae
300 3778 442 3842 Tacitus
466 3779 579 3854 tradit,
605 3802 647 3841 ex
673 3791 813 3841 auctore
837 3779 960 3861 aliqu0,
990 3779 1046 3863 qui
1079 3790 1115 3840 ut
1150 3800 1270 3862 ,super
1295 3778 1360 3840 ori-

200 3885 267 3970 ‚tine
304 3886 413 3970 prima
452 3885 625 3949 Gallorum
651 3886 860 3970 Timagenes
894 3886 999 3980 haec,
1038 3907 1125 3970 quae
1166 3886 1222 3948 diu
1263 3899 1358 3948 erant

279 4063 428 4114 ¹Uberius
442 4081 531 4129 neque
552 4081 619 4114 vero
639 4068 799 4114 accuratius
820 4066 936 4113 Tacitus
956 4065 1055 4115 Annal.
1083 4065 1118 4125 ΙΙ,
1145 4068 1160 4114 6
1186 4067 1303 4118 etllist.
1325 4068 1358 4127 V,

202 4157 220 4206 3
243 4154 276 4203 de
297 4170 378 4204 cursu
398 4156 490 4204 Rheni
511 4157 649 4205 disserens
670 4156 703 4204 de
724 4162 802 4219 parte
823 4156 923 4216 Rheni,
944 4171 1014 4219 quae
1035 4156 1132 4204 Mosae
1160 4156 1279 4204 fluminis
1309 4172 1357 4205 ore

201 4263 213 4296 2
237 4245 383 4296 Oceanum
404 4247 564 4305 effunditur,
586 4247 683 4296 eadem
703 4245 763 4296 iere
785 4247 861 4304 dicit,
882 4262 952 4311 quae
974 4247 1078 4298 Caesar
1097 4246 1127 4295 B.
1149 4247 1182 4296 G.
1202 4247 1250 4295 lV.
1275 4249 1313 4296 10.
