2994 4988
641 346 862 408 „21-

163 543 240 620 dae,
267 563 355 627 quae
383 562 583 626 „prosperas
607 539 786 604 Germanis
815 562 868 604 res
900 553 933 604 et
966 540 1134 605 excidium
1165 542 1335 629 legionum

160 651 403 737 praedixerat“
416 649 516 732 (Hist.
540 648 589 712 IV
608 651 673 730 61),
691 648 897 732 aliarumque
920 650 1082 734 exemplis
1099 671 1168 712 rem
1185 650 1336 713 illustrat.

254 758 333 822 Hoc
370 757 507 843 quidem
541 778 707 841 apparere
742 768 842 841 puto:
878 757 1048 833 Tacitum,
1084 778 1160 819 cum
1195 757 1338 821 Germa-

161 889 287 930 norum
313 864 489 950 pugnandi
520 885 648 926 morem
678 862 887 926 describeret
918 866 960 947 (c.
993 870 1023 940 6,
1057 869 1085 940 7,
1111 870 1155 946 8),
1180 864 1337 928 Caesaris

160 975 207 1037 de
234 974 358 1037 eadem
381 993 417 1035 re
442 971 705 1055 descriptionem
730 969 785 1054 (B.
811 969 853 1034 G.
882 970 907 1034 l.
933 974 1077 1054 48-51)
1112 983 1190 1035 ante
1222 972 1338 1036 oculos

161 1081 337 1156 habuisse,
361 1077 547 1142 addentem
571 1078 661 1140 illum
686 1078 821 1161 quidem
846 1079 1004 1142 nonnulla
1028 1101 1071 1142 ex
1088 1079 1160 1143 aliis
1178 1080 1338 1156 fontibus,

163 1211 236 1274 quo
263 1190 298 1278 in
332 1208 471 1250 numero
496 1185 594 1248 Plinii
632 1184 745 1264 „Bella
781 1184 1006 1249 Germaniae“
1044 1187 1204 1271 imprimis
1235 1188 1340 1250 nomi-

159 1295 281 1359 nanda
305 1293 473 1357 videntur.

259 1401 377 1464 Insunt
400 1421 482 1462 vero
518 1400 550 1460 in
586 1398 640 1460 illa
677 1399 749 1483 ipsa
784 1399 898 1463 Taciti
937 1400 1165 1485 descriptione
1182 1403 1340 1466 nonnulla

162 1510 205 1572 de
229 1508 371 1594 regibus
395 1506 603 1590 ducibusque,
627 1526 715 1589 quae
741 1505 898 1569 Caesaris
923 1507 1035 1571 verbis
1059 1507 1115 1591 (B.
1140 1507 1182 1572 G.
1209 1508 1261 1571 IV
1286 1512 1340 1592 23)

161 1627 381 1702 repugnant;
406 1625 484 1677 sunt
508 1624 622 1676 autem
646 1614 731 1675 haec
755 1615 928 1699 utriusque
952 1615 1074 1678 verba:

293 1723 469 1787 Caesar
491 1719 531 1783 B.
556 1717 598 1782 G.
959 1722 1159 1786 Tacitus,

212 1831 265 1893 Vl
290 1835 341 1896 23.
358 1829 445 1894 Cum
462 1826 587 1890 bellum
612 1827 730 1890 civitas
831 1834 859 1894 7.
898 1829 1016 1916 Reges
1069 1853 1112 1894 ex
1158 1830 1344 1908 nobilitate,

169 1951 228 2001 aut
242 1938 371 2001 illatum
384 1935 540 1999 defendit
550 1946 608 1997 aut
616 1934 729 2008 infert,
785 1937 891 2000 duces
909 1959 951 2000 ex
969 1939 1092 2001 virtute
1113 1951 1263 2014 sumunt3
1280 1958 1343 2002 nec

171 2046 408 2132 magistratus,
455 2043 512 2128 qui
566 2041 595 2103 ei
641 2039 730 2103 bello
785 2047 923 2134 regibus
962 2047 1090 2109 infinita
1137 2057 1196 2109 aut
1238 2045 1344 2109 libera

174 2153 332 2234 praesint,
371 2163 409 2214 ut
446 2150 535 2212 vitae
570 2149 729 2233 necisque
784 2167 947 2240 potestas,
981 2165 1015 2216 et
1047 2153 1153 2216 duces
1187 2154 1344 2238 exemplo

179 2257 322 2324 habeant
345 2268 552 2343 potestatem
580 2255 730 2340 deligun-
785 2263 914 2347 potius,
961 2282 1062 2346 quam
1108 2261 1266 2344 imperi0‚
1317 2261 1345 2324 si

115 2432 123 2453 ¹,
185 2374 239 2428 tur.
294 2366 331 2430 In
378 2386 465 2450 pace
514 2362 623 2426 nullus
681 2373 731 2424 est
785 2368 944 2454 prompti,
969 2368 996 2429 si
1021 2367 1205 2450 conspicui,
1222 2367 1249 2429 si
1266 2378 1344 2430 ante

121 2488 139 2575 ..Ξ
190 2475 359 2537 communis
400 2472 635 2557 magistratUS‚
671 2467 732 2531 sed
785 2479 893 2541 aciem
946 2485 1070 2560 agant,
1122 2474 1343 2537 admiratione

191 2578 344 2666 principes
398 2579 575 2665 regionum
629 2588 731 2660 atque
786 2595 957 2670 praesunt,
1024 2581 1186 2645 Ceterum
1234 2602 1344 2667 neque

188 2699 341 2770 pagorum
354 2688 440 2749 inter
452 2707 530 2749 SUOS
548 2685 597 2746 ius
614 2683 731 2746 dicunt
786 2692 1055 2755 animadvertere
1073 2710 1184 2774 neque
1208 2689 1345 2766 vincire,

186 2795 489 2877 controversiasque
513 2792 674 2853 minuunt·
786 2823 828 2864 ne
868 2799 1047 2863 verberare
1087 2796 1244 2882 quidem,
1284 2797 1346 2860 nisi

209 2895 270 2964 IV
295 2906 309 2966 l
337 2899 629 2983 (Suebi)apueris
641 2896 732 2960 nullo
786 2905 1021 2971 sacerdotibus
1044 2906 1255 2990 permissum,
1279 2925 1346 2967 non

169 2999 289 3072 officio
322 3020 381 3072 aut
414 3007 591 3091 disciplina
619 3025 733 3068 assue-
787 3017 883 3100 quasi
915 3015 947 3077 in
977 3035 1134 3099 poenam,
1162 3033 1226 3075 nec
1250 3012 1346 3075 ducis

159 3098 261 3176 facti
304 3115 384 3178 nihil
431 3115 566 3177 omnino
615 3123 732 3175 contra
787 3127 888 3200 jussu,
922 3123 983 3186 sed
1013 3121 1105 3184 velut
1145 3121 1211 3184 de0
1242 3119 1347 3202 impe.

154 3213 545 3286 V01Usstatemfaclunt·
788 3244 894 3308 rante,
918 3252 1020 3315 quem
1050 3227 1170 3291 adesse
1194 3225 1348 3291 bellanti-

787 3338 850 3403 bus
875 3336 1028 3401 credunt.

268 3468 342 3535 Duo
366 3470 579 3556 potissimum
610 3469 643 3530 in
674 3469 724 3530 his
758 3465 840 3529 locis
874 3460 1110 3547 comparandis
1134 3459 1347 3544 respicienda

151 3565 350 3643 videntur:
375 3576 636 3664 primumquod
662 3574 790 3638 Caesar
814 3593 890 3635 cum
923 3582 1020 3655 parte
1052 3579 1182 3631 tantum
1205 3565 1348 3631 Germa-

153 3691 296 3748 norum
318 3706 520 3772 congressus
544 3683 686 3768 plurima
711 3702 837 3755 eorum,
863 3699 949 3763 quae
974 3676 1017 3739 de
1041 3674 1220 3738 Germanis
1244 3673 1348 3736 tradi·

160 3777 233 3859 dli,
278 3814 317 3856 ex
352 3792 459 3857 Gallis
498 3791 672 3874 comperit,
707 3788 848 3851 Tacitus
884 3797 997 3847 autem
1030 3782 1178 3845 libellum
1202 3781 1346 3864 scripsit,

165 3906 359 3983 postquam
383 3898 495 3962 multis
519 3896 624 3973 bellis,
650 3895 863 3970 commerci0,
887 3894 959 3956 aliis
983 3888 1083 3954 rebus
1100 3889 1348 3953 Germanorum

175 4015 292 4069 mores
313 4006 462 4071 Romani
485 4005 565 4089 ispsi
590 4013 840 4089 cognoverant3
866 4000 989 4064 deinde
1012 4020 1080 4061 non
1097 3994 1348 4081 neglegendum

184 4103 324 4191 uidetur,
348 4115 436 4177 intra
460 4112 618 4177 Caesaris
642 4110 823 4194 Tacitique
840 4120 987 4171 aetatem
1003 4105 1107 4169 multa
1120 4105 1153 4166 in
1169 4101 1348 4166 Germanis

192 4221 303 4282 mutari
325 4221 485 4308 potuisse.
