2978 4988
736 385 960 447 ..14-

269 575 472 656 ,Germania
497 575 654 659 antiqua“
684 587 836 638 veterum
859 588 1036 638 auctorum
1068 576 1151 639 locis
1183 577 1226 640 de
1255 577 1442 643 Germania

265 682 457 767 praecipuis
481 703 569 766 quae
594 679 723 744 Caesar
746 681 790 744 de
806 680 985 745 Germanis
1002 683 1152 759 tradidit,
1170 706 1237 747 non
1253 688 1442 768 praemisit.

265 788 414 874 Koepke
437 787 614 852 nonnullos
637 788 731 852 locos
754 786 856 852 libelli
880 789 1014 853 Tacitei
1037 811 1115 853 cum
1139 789 1296 854 Caesaris
1330 793 1444 856 verbis

267 896 424 960 confertl
458 916 526 960 non
561 895 704 981 amplius
751 896 793 959 de
835 896 874 958 iis
909 896 1078 960 disserens
1113 910 1172 960 aut
1206 920 1273 982 qua
1309 901 1443 964 ratione

264 1003 406 1067 Tacitus
430 1003 527 1066 fonte
551 1024 631 1067 usus
659 1003 701 1066 sit
734 1025 919 1089 exponens
967 1003 1123 1088 Respicit
1157 1018 1270 1068 autem
1296 1007 1443 1070 Tacitus

263 1109 375 1174 verbis
400 1112 442 1193 (c.
459 1111 536 1193 28.)‚
560 1110 682 1196 quibus
706 1132 742 1174 se
767 1109 952 1174 Caesarem
975 1124 1151 1175 auctorem
1174 1113 1269 1198 sequi
1300 1115 1443 1197 profite-

263 1231 327 1296 tur,
351 1229 388 1280 ut
412 1216 455 1281 ab
480 1218 546 1282 hoc
562 1218 639 1283 loco
655 1218 786 1281 initium
802 1219 1064 1303 comparationis
1080 1219 1256 1296 iaciamus,
1275 1219 1440 1286 Caesaris

264 1325 581 1391 commentariorum
605 1326 648 1389 de
672 1324 761 1389 bello
786 1324 918 1390 Gallico
942 1323 998 1388 lib.
1025 1325 1083 1389 vl.
1110 1347 1184 1411 cap.
1212 1332 1263 1392 24.

330 1450 453 1516 Caes.
478 1449 518 1515 B.
543 1449 585 1515 G.
610 1449 671 1515 Vl.
697 1455 749 1516 24.

307 1557 362 1622 Ac
385 1559 450 1622 fuit
466 1570 567 1622 antea
584 1569 728 1643 tempus
746 1579 823 1622 cum

263 1665 452 1731 Germanos
469 1665 558 1730 Galli
575 1667 698 1736 virtute
723 1686 823 1749 supe-

263 1786 388 1851 rarent,
406 1769 493 1837 uitro
507 1773 632 1837 bellum
649 1772 821 1848 inferrent,

262 1893 404 1968 propter
449 1882 621 1944 hominurn
674 1878 823 1942 multitu-

263 1990 376 2053 dinem
399 1989 540 2075 agrique
565 1977 713 2071 inopiam
729 1998 822 2048 trans

262 2095 423 2160 Rhenum
455 2095 604 2159 colonias
639 2093 821 2156 mitterent.

261 2203 380 2290 Itaque
412 2225 466 2279 ea,
499 2223 585 2287 quae
616 2199 821 2264 fertilissima

262 2310 466 2375 Germaniae
490 2322 567 2373 sunt
590 2309 666 2371 loca
695 2309 821 2371 circum

262 2420 470 2509 Hercyniam
524 2417 643 2480 silvam
689 2415 820 2479 Volcae

261 2527 474 2612 Tectosages
491 2536 744 2608 occupaverunt
768 2535 820 2585 at-

261 2655 327 2719 que
363 2632 409 2695 ibi
451 2631 694 2704 consederunt;
732 2651 818 2716 quae

260 2763 346 2828 gens
370 2740 496 2803 adhoc
513 2751 646 2823 tempus
665 2739 716 2800 his
732 2737 819 2801 sedi-

261 2847 323 2912 bus
339 2869 412 2912 sese
427 2849 576 2946 continqt
588 2853 819 2931 'summamque

260 2954 364 3019 habet
409 2955 554 3018 iustitiae
601 2967 636 3017 et
678 2952 819 3017 bellicae

260 3062 368 3126 laudis
386 3063 588 3146 opinionem.
621 3061 723 3125 Nunc
746 3062 820 3146 qui-

261 3170 372 3233 dem.
398 3217 404 3232 .
431 3217 439 3232 .
465 3168 580 3252 (Galli)
605 3190 646 3231 ne
678 3191 714 3233 se
747 3173 820 3255 qui-

262 3277 340 3340 dem
375 3277 438 3361 ipsi
474 3297 550 3339 curn
593 3276 655 3340 illis
698 3279 819 3342 virtute

261 3395 470 3468 comparant.

1028 1450 1129 1514 Tae.
1156 1449 1198 1515 G.
1225 1457 1276 1516 28.

921 1556 1113 1621 Validiores
1150 1559 1228 1622 olim
1260 1558 1440 1624 Gallorum

876 1686 929 1728 res
975 1665 1079 1729 fuisse
1126 1687 1275 1729 summus
1319 1681 1441 1732 auctor

876 1772 973 1836 divus
1016 1772 1123 1856 Julius
1167 1775 1284 1848 tradit3
1327 1798 1438 1861 eoque

876 1880 1036 1944 credibile
1083 1895 1134 1945 est
1181 1883 1282 1945 etiam
1318 1882 1439 1947 Gallos

876 1988 908 2048 in
933 1986 1152 2052 Germaniam
1186 2003 1437 2075 transgressos;

876 2095 1073 2179 quantulum
1109 2098 1198 2160 enim
1232 2098 1338 2159 amnis
1379 2099 1439 2162 ob-

875 2199 998 2278 stabat,
1015 2203 1204 2286 quominus,
1224 2217 1261 2266 ut
1277 2224 1437 2290 quaeque

874 2329 959 2394 gens
1006 2308 1199 2387 evaluerat,
1247 2326 1436 2394 occuparet

874 2429 1150 2502 permutaretque
1175 2418 1273 2480 sedes
1290 2421 1436 2501 promis-

874 2545 955 2587 cuas
966 2524 1010 2587 ad
1022 2526 1088 2588 huc
1102 2537 1134 2587 et
1148 2525 1237 2586 nulla
1253 2547 1437 2609 regnorum

873 2633 1026 2715 potentia
1043 2630 1190 2694 divisas?
1223 2631 1328 2716 igitur
1349 2633 1438 2696 inter

875 2739 1083 2827 Hercyniam
1114 2739 1232 2802 silvam
1260 2739 1438 2802 Rhenum-

873 2868 939 2930 que
957 2859 990 2908 et
1006 2847 1170 2910 Moenum
1182 2869 1298 2909 amnes
1311 2847 1436 2910 Helve-

874 2955 920 3031 tii,
934 2955 1092 3017 ulteriora
1106 2954 1179 3030 Boi,
1193 2953 1325 3017 Gallica
1343 2966 1435 3018 utra-

873 3083 938 3148 que
963 3083 1048 3147 gens
1065 3074 1219 3134 tenuere3
1237 3074 1352 3124 manet
1377 3063 1438 3125 ad·

874 3171 940 3232 huc
971 3168 1146 3231 Boihaemi
1178 3189 1299 3229 nomen
1333 3169 1437 3253 signi-

874 3279 1021 3362 ficatque
1064 3276 1129 3339 loci
1171 3288 1321 3338 veterem
1363 3299 1434 3338 me-

875 3386 1014 3449 moriam
1039 3384 1192 3468 quamvis
1213 3383 1349 3444 mutatis
1366 3383 1437 3444 cul-

873 3491 1012 3556 toribus

350 3614 473 3680 Paucis
497 3618 667 3702 explicare
693 3621 802 3697 liceat,
828 3642 894 3705 qua
919 3620 1048 3682 ratione
1066 3617 1207 3679 Tacitus
1230 3616 1324 3677 tonte
1352 3638 1433 3680 usus

261 3724 318 3786 sit:
346 3723 434 3786 Rem
459 3725 577 3808 ipsam,
598 3727 796 3805 ,validiores
813 3728 892 3790 olim
909 3724 1084 3789 Gallorum
1101 3746 1154 3786 res
1174 3724 1294 3785 luisseu
1315 3739 1437 3787 aucto-

260 3852 331 3893 rem
370 3844 506 3894 secutus
538 3833 656 3909 refert,
692 3855 800 3918 eoque
834 3832 993 3897 credibile
1030 3853 1102 3894 esse
1138 3831 1196 3904 ait,
1226 3830 1318 3915 quod
1343 3832 1437 3894 idem

260 3951 379 4002 auctor
418 3941 520 4003 tradit
559 3941 679 4019 „etiam
712 3939 829 4002 Gallos
864 3940 897 4001 in
921 3937 1139 4002 Germaniam
1170 3948 1433 4021 transgressos‘*

261 4045 409 4110 Causam
435 4070 514 4110 vero
538 4049 635 4110 huius
661 4048 718 4122 rei,
748 4045 931 4110 Caesarem
962 4047 1146 4129 corrigens,
1179 4068 1244 4107 non
1277 4046 1438 4125 eandem,

352 4261 361 4290 1
379 4263 395 4313 1.
416 4263 432 4312 1.
452 4278 478 4325 p.
498 4263 558 4312 223.
