2978 4988
543 398 763 460 ..15-

65 612 169 677 quam
192 590 246 653 ille
270 589 413 674 profert.
460 589 548 653 Cum
573 590 661 652 enim
678 588 808 653 Caesar
831 589 924 652 dicat
951 601 1110 673 ,propter
1134 589 1238 652 homi·

66 719 146 761 num
171 697 419 760 multitudinem
443 697 585 781 agrique
609 697 758 781 inopiam
783 707 875 759 trans
898 695 1058 758 Rhenum
1090 695 1240 760 colonias

67 805 196 868 misisse
222 803 372 880 Gall0s“,
397 803 540 867 Tacitus
578 803 696 883 ,sedes
731 803 941 888 promiscuas
977 802 1055 866 olim
1091 815 1126 865 et
1148 801 1239 865 nulla

67 933 250 998 regnorum
273 910 427 995 potentia
444 911 579 986 divisaS,
604 922 641 972 ut
658 931 813 995 quaeque
830 930 915 996 gens
932 909 1114 972 evaluisset
1139 929 1240 973 occu-

65 1031 166 1104 patas
189 1003 466 1103 permutatasque
491 1021 584 1081 esse“
611 1018 668 1092 ait,
705 1037 781 1081 curn
805 1017 958 1093 Rhenus,
982 1016 1067 1102 (qui
1103 1014 1239 1079 sedibus

66 1127 155 1189 inter
177 1124 326 1211 singulas
350 1137 471 1210 gentes
494 1125 609 1188 divisis
641 1125 802 1188 terminus
834 1145 907 1187 esse
938 1123 1083 1187 sufficiat
1116 1134 1150 1187 et
1182 1123 1241 1187 de-

67 1231 286 1296 fendentibus
310 1253 372 1317 pro
398 1231 605 1294 munimento
623 1252 697 1295 esse
721 1231 841 1315 possit)
857 1252 920 1317 per
941 1252 976 1294 se
992 1252 1060 1294 non
1077 1229 1240 1308 obstaret,

68 1341 246 1425 quominus
281 1353 401 1426 gentes
432 1339 498 1402 huc
522 1338 610 1416 illuc,
636 1337 798 1402 Germani
834 1340 867 1402 in
891 1336 1047 1414 Galliam,
1083 1337 1173 1402 Galli
1207 1338 1240 1400 in

67 1445 286 1510 Germaniam
321 1447 639 1533 transgrederentur
652 1449 671 1509 ¹.
730 1445 776 1509 Et
811 1467 888 1510 cum
924 1444 1053 1510 Caesar
1088 1445 1133 1509 ad
1169 1467 1240 1509 rem

66 1554 226 1640 'exemplo
269 1553 559 1640 comprobandam
598 1554 690 1617 dicat
732 1553 827 1633 ,loca
872 1553 999 1617 circum
1033 1552 1261 1640 Hercyniam*

67 1662 187 1726 silvam
208 1661 336 1726 Volcas
360 1663 572 1748 Tectosages
596 1681 783 1745 occupasse
807 1672 910 1746 atque
934 1660 979 1723 ad
1002 1659 1083 1724 illud
1108 1673 1241 1746 tempus

67 1769 119 1832 his
143 1768 280 1832 sedibus
311 1791 346 1832 se
372 1770 578 1846 continere“,
602 1769 744 1832 Tacitus
768 1766 1019 1853 Tectosagibus
1052 1789 1119 1830 non
1151 1788 1242 1831 com·

67 1877 261 1939 memoratis
278 1897 366 1939 nova
383 1877 539 1961 exempla
553 1876 702 1939 afferens
716 1877 762 1939 ait
781 1876 888 1955 ,inter
898 1874 1106 1961 Hercyniam
1122 1875 1241 1938 silvam

69 1982 296 2069 Rhenumque
324 1996 358 2046 et
385 1984 548 2047 Moenum
580 2005 696 2047 amnes
723 1983 910 2059 Helvetios,
940 1982 1099 2044 ulteriora
1127 1981 1241 2059 Boios,

68 2088 236 2153 Gallicam
272 2103 450 2180 utramque
486 2104 634 2177 gentem,
668 2091 746 2153 olim
770 2088 973 2164 obtinuisse3
1001 2110 1138 2153 manere
1163 2088 1241 2151 Boi-

70 2197 182 2260 haemi
206 2218 345 2275 nomen,
369 2219 575 2284 quamquam
599 2198 662 2282 ipsi
685 2197 760 2261 Boii
786 2199 835 2279 (ut
859 2196 1018 2279 Helvetii)
1043 2196 1240 2260 iamdudum

71 2325 114 2367 ex
149 2304 211 2368 illis
242 2304 324 2369 locis
349 2305 623 2392 emigravissent“
640 2309 659 2367 ².
706 2304 862 2389 Denique
886 2325 953 2366 non
985 2304 1238 2390 neglegendum

72 2422 131 2487 est,
155 2412 257 2497 quod,
285 2433 361 2475 cum
386 2411 514 2476 Caesar
536 2412 729 2498 Hercyniae
765 2412 869 2475 silvae
894 2413 1066 2495 copiosam
1090 2411 1241 2496 descrip-

73 2518 195 2581 :ionem
227 2519 391 2605 adiungat
423 2519 486 2603 (VI
510 2522 675 2602 25-28),
705 2519 863 2595 Tacitus,
900 2539 1106 2603 quamquam
1142 2539 1171 2582 c.
1197 2523 1240 2584 30

78 2637 190 2688 terum
224 2647 297 2688 eam
334 2627 501 2702 nominat,
536 2627 617 2689 nihil
649 2627 692 2689 de
717 2647 757 2689 ea
781 2626 874 2703 dicit,
901 2625 1030 2690 scilicet
1055 2626 1148 2710 quod
1172 2647 1240 2689 non

77 2753 181 2796 :errae
206 2734 376 2810 miracula,
401 2734 462 2797 sed
486 2734 657 2797 hominurn
681 2755 792 2796 mores
816 2733 1047 2818 descripturus
1071 2744 1154 2816 erat.

160 2875 242 2939 Tria
277 2877 378 2963 igitur
418 2878 452 2939 in
485 2878 549 2939 hac
586 2877 838 2961 comparatione
875 2876 1114 2960 cognovimus:
1151 2875 1241 2940 Rem

81 3003 178 3067 psam
213 2983 354 3046 Tacitus
399 2984 501 3047 tradit
538 2984 668 3047 iontem
710 2996 864 3060 secutus,
901 3005 978 3046 curn
1016 2996 1136 3048 auctor
1173 2984 1241 3047 fide

82 3089 192 3175 lignus
231 3103 265 3153 et
303 3112 357 3154 res
396 3090 565 3155 credibilis
604 3092 665 3165 sit3
706 3111 825 3154 causas
858 3113 924 3153 non
961 3092 1117 3167 easdem,
1156 3113 1241 3178 quas

85 3207 205 3274 ,uctor,
240 3198 301 3261 sed
340 3198 421 3261 alias
462 3220 504 3260 ex
544 3211 663 3261 natura
706 3198 809 3282 ipsius
849 3199 897 3261 rei
939 3211 973 3262 et
1016 3199 1168 3262 locorum
1207 3211 1241 3262 et

86 3324 259 3388 emporum
287 3306 416 3369 ratione
440 3304 556 3368 habita
580 3306 705 3389 petitas
729 3306 861 3389 profert
885 3307 1048 3391 novisque
1077 3307 1240 3391 exemplis

87 3431 141 3474 em
165 3411 384 3496 comprobat3
409 3434 497 3498 quae
528 3412 573 3476 ad
606 3413 650 3489 id,
686 3413 779 3499 quod
810 3412 873 3475 sibi
900 3414 1078 3498 proposuit
1102 3413 1242 3477 demon-

161 3650 170 3679 ¹
189 3652 266 3702 Idem
284 3652 392 3703 factum
412 3670 473 3704 esse
492 3657 532 3704 ait
551 3658 579 3703 in
601 3660 718 3720 utraque
741 3659 801 3719 ripa
811 3657 942 3716 Danuvii,
956 3658 1150 3721 incertumque
1171 3672 1241 3718 esse,

91 3747 164 3792 trum
185 3741 312 3792 Avarisci
332 3746 359 3792 in
379 3745 559 3805 Pannoniam,
580 3760 614 3792 an
635 3745 685 3794 Osi
715 3747 742 3793 in
762 3746 942 3795 Germaniam
970 3749 1241 3811 commigravissent,

92 3846 135 3879 rm
155 3831 254 3880 eodem
274 3848 412 3888 sermone.
432 3836 575 3895 institutis,
597 3835 722 3883 moribus
742 3840 905 3897 uterentur3
926 3837 1027 3900 quibus
1055 3837 1138 3885 rebus
1168 3837 1241 3886 Galli

104 3919 253 3970 Germanis
273 3921 450 3973 differebant.

160 4025 288 4093 *Neque
317 4031 421 4079 Volcas
442 4031 617 4096 Tectosages
646 4046 736 4095 neque
762 4033 909 4081 Helvetios
938 4034 1060 4082 Boiosve
1091 4048 1124 4082 ex
1151 4034 1241 4083 Gallia

115 4116 296 4166 Germaniam
317 4122 527 4188 commigrasse,
547 4120 605 4182 sed,
626 4137 689 4169 curn
719 4124 806 4170 ceteri
845 4123 917 4172 Galli
950 4123 1116 4172 Gaermanis
1145 4137 1242 4172 succe·

95 4206 200 4255 entibus
220 4208 397 4258 occidentem
416 4225 513 4259 versus
537 4210 638 4260 cedere
668 4217 696 4260 et
715 4211 845 4259 Rhenum
876 4212 1034 4276 transgredi
1063 4217 1241 4276 cogerentur,

115 4294 269 4347 Germania
287 4301 463 4362 remansisse,
483 4301 550 4348 nihil
569 4300 605 4350 ad
624 4316 695 4351 rem.
