2978 4988
621 308 844 370 ..26-

152 498 311 563 auxilium
335 498 536 583 pollicentur
558 510 661 585 atque
685 497 729 563 ab
753 498 964 562 multitudine
989 497 1254 562 collaudantur:
1274 498 1307 584 qri

155 628 197 669 ex
221 607 271 670 his
297 607 404 670 secuti
428 628 495 669 non
519 619 606 683 sunt,
620 607 653 668 in
666 608 877 670 desertorum
901 626 943 669 ac
955 604 1176 690 proditorum
1198 628 1310 670 numen

160 714 339 790 ducuntur,
364 715 578 799 omniumque
602 715 653 777 his
676 736 788 777 rerum
811 726 931 798 postea
954 713 1038 777 fides
1063 712 1287 800 derogaturl.

245 875 332 939 Cum
356 875 409 938 his
445 874 602 938 Caesaris
637 874 749 940 verbis
784 877 811 938 si
846 874 947 939 libelli
975 875 1111 939 Tacitei
1154 888 1262 962 caput
1293 880 1318 941 ll

161 983 422 1068 comparaveris,
447 1004 534 1068 quae
560 982 689 1047 Caesar
713 984 825 1060 tradit,
850 1005 870 1045 a
894 982 1017 1046 Tacito
1040 982 1188 1048 uberius
1205 984 1321 1048 reddita

153 1091 313 1154 invenies

244 1252 297 1316 De
333 1254 384 1315 his
424 1275 511 1337 quae
547 1264 733 1336 sequuntur
767 1253 807 1314 de
838 1253 1062 1314 venationibus
1087 1253 1211 1318 Taciti
1236 1253 1328 1317 verba

154 1361 196 1442 (c.
227 1361 295 1442 15),
313 1360 416 1423 multa
433 1360 605 1444 disputata
621 1372 708 1436 sunt,
727 1381 803 1423 cum
817 1359 974 1424 Caesaris
998 1358 1110 1422 verbis
1132 1359 1206 1443 (IV
1234 1365 1265 1444 1)
1290 1383 1330 1424 re·

153 1479 316 1552 pugnent.

284 1627 452 1692 Caesar
475 1627 513 1691 B.
539 1627 581 1691 G.

198 1735 248 1798 lV
274 1739 301 1798 1.
328 1734 459 1818 (Suebi)
476 1736 616 1798 multum
637 1749 713 1799 sunt

152 1842 185 1903 in
198 1841 442 1917 venationibus
456 1837 544 1929 quae
562 1866 614 1906 res
631 1845 714 1906 coti-

155 1949 255 2012 diana
273 1952 516 2013 exercitatione
534 1951 620 2012 vires
645 1950 712 2013 alit.

199 2056 248 2120 Vl
273 2061 324 2120 21.
342 2056 424 2119 Vita
439 2058 545 2120 omnis
562 2059 594 2119 in
612 2079 714 2119 vena-

153 2160 298 2226 tionibus
323 2175 425 2247 atque
450 2164 483 2225 in
516 2164 634 2226 studiis
666 2165 713 2226 rei

153 2270 302 2333 militaris
315 2271 485 2334 consistit:
504 2270 548 2334 ab
564 2271 713 2355 parvulis

154 2376 260 2440 labori
284 2399 325 2441 ac
354 2378 496 2441 duritiae
521 2379 667 2442 student.

198 2485 242 2547 ci.
268 2484 318 2547 Vl
344 2489 396 2549 28.
421 2485 494 2547 Hos
516 2488 620 2568 (uros)
645 2500 714 2547 stu-

153 2591 246 2654 diose
283 2590 387 2654 foveis
415 2604 533 2675 captos
558 2592 714 2654 interfici-

152 2710 222 2760 unt.
269 2698 346 2761 Hoc
377 2720 413 2760 se
445 2697 559 2761 labore
591 2699 713 2762 durant

154 2805 388 2868 adolescentes
397 2817 500 2890 atque
513 2806 578 2867 hoc
587 2827 712 2890 genere

153 2913 340 2975 venationis
364 2925 535 2975 exercent.

939 1627 1144 1691 Tacstus

817 1740 866 1800 15.
916 1734 1084 1810 Quotiens
1134 1734 1231 1799 bella
1274 1758 1333 1800 non

768 1843 892 1916 ineunt,
927 1863 993 1904 non
1026 1840 1168 1904 multum
1208 1845 1336 1907 venati-

768 1949 850 2026 bus,
879 1951 954 2034 plus
991 1973 1053 2035 per
1088 1951 1198 2012 otium
1232 1962 1338 2015 trans·

767 2059 874 2142 igunt,
900 2057 1006 2120 dediti
1030 2079 1148 2120 somno
1176 2057 1335 2143 ciboque.

767 2165 967 2227 fortissimus
992 2165 1133 2249 quisque
1166 2186 1212 2227 ac
1243 2164 1337 2228 belli-

768 2271 958 2335 cosissimus
982 2271 1061 2333 nihil
1093 2292 1218 2356 agens,
1245 2272 1338 2335 dele-

767 2391 848 2464 gata
874 2378 993 2441 domus
1026 2391 1060 2441 et
1090 2378 1270 2462 penatium
1303 2391 1335 2441 et

767 2507 927 2569 agrorum
965 2507 1045 2548 cura
1077 2485 1213 2548 leminis
1247 2487 1336 2549 seni·

768 2590 898 2676 busque
916 2605 949 2655 et
966 2592 1188 2654 infirmissimo
1208 2594 1333 2677 cuique

768 2720 810 2760 ex
835 2699 982 2772 familia3
1007 2699 1069 2782 ipsi
1086 2697 1225 2775 hebent,
1249 2701 1333 2762 mira

768 2805 963 2868 diversitate
975 2820 1127 2881 naturae,
1139 2825 1217 2866 curn
1230 2807 1332 2869 iidem

766 2914 917 2976 homines
953 2914 1001 2975 sic
1035 2924 1148 2975 ament
1173 2912 1332 2976 inertiam

768 3032 801 3083 et
826 3021 958 3084 oderint
984 3020 1142 3104 quietem.

242 3216 454 3303 Repugnant
485 3239 566 3280 sane
600 3218 685 3280 inter
715 3239 750 3280 se
784 3219 869 3280 haec
901 3215 1017 3286 verba,
1042 3239 1151 3301 neque
1177 3238 1260 3280 vero
1286 3217 1330 3281 ob

153 3347 229 3387 eam
262 3346 398 3388 causam
433 3325 465 3386 in
496 3325 609 3388 Taciti
644 3324 757 3386 verbis
789 3324 869 3387 illud
904 3328 1008 3400 ,nonl
1036 3335 1115 3385 ante
1142 3323 1328 3401 ,multum“

153 3432 334 3494 delendum
358 3444 409 3494 est
434 3453 510 3494 cum
523 3432 652 3516 Lipsio,
667 3431 758 3516 quod
783 3431 936 3506 Tacitus
961 3432 1017 3515 qui
1036 3431 1193 3493 Caesaris
1219 3431 1329 3494 verba

152 3552 303 3615 noverat,
328 3551 398 3602 tam
413 3541 607 3623 praefracte
631 3551 748 3602 contra
774 3560 849 3600 eum
875 3538 988 3600 dicere
1013 3560 1078 3600 non
1104 3539 1266 3622 potuerit,
1293 3552 1329 3602 ut

152 3646 199 3708 ait
215 3645 439 3722 Holtzmann;
464 3647 564 3710 immo
582 3646 671 3708 haud
689 3647 759 3709 scio
784 3667 826 3707 an
843 3645 933 3708 nullo
950 3645 1015 3708 alio
1032 3646 1107 3708 loco
1125 3644 1331 3710 luculentius

152 3754 411 3830 demonstretur,
444 3753 603 3818 Tacitum
636 3774 687 3830 ea,
719 3774 806 3838 quae
839 3752 932 3836 apud
963 3751 1148 3815 Caesarem
1183 3751 1331 3836 legerat,

152 3861 185 3923 in
198 3883 293 3924 usum
307 3883 404 3924 suum
417 3873 681 3938 convertentem,
698 3861 725 3923 si
740 3861 849 3923 minus
859 3881 940 3922 vera
948 3858 1163 3935 videbantur,
1175 3859 1331 3925 refutare

153 3980 186 4032 et
211 3969 393 4054 corrigere.
441 3967 528 4032 Cum
552 3970 639 4031 enirn
664 3968 794 4032 Caesar
818 3966 909 4029 dicat
937 3967 1059 4045 ,vitam
1083 3985 1216 4027 omnem
1240 3965 1334 4030 Ger-

152 4097 326 4137 manorum
350 4076 383 4137 in
408 4073 640 4138 venationibus
664 4087 767 4159 atque
791 4074 824 4135 in
848 4073 966 4135 studiis
998 4073 1045 4135 rei
1069 4071 1220 4133 militaris
1246 4093 1334 4137 con-

153 4183 282 4259 sistere,
317 4205 337 4246 a
372 4181 520 4266 parvulis
556 4202 614 4244 eos
650 4179 757 4243 labori
781 4180 952 4258 studere“‚
976 4180 1118 4243 Tacitus
1141 4191 1333 4264 postquam
