2978 4988
626 339 846 401 ..12-

153 533 293 596 litudine
326 553 402 596 cum
433 533 545 617 aliquo
581 532 695 596 Melae
725 531 887 595 librorum
923 531 998 594 loco
1031 543 1242 616 congruunt.
1302 531 1332 595 ln

153 641 190 703 iis
215 653 328 703 autem
354 640 447 716 locis,
471 638 592 725 quibus
617 662 713 712 resa
737 640 830 702 Mela
854 651 1043 701 mutuatum
1067 661 1140 701 esse
1167 639 1333 704 Tacitum

153 747 314 810 Manitius
350 748 442 824 dicit,
476 761 563 823 sunt,
599 749 656 833 qui
690 748 733 810 ad
763 747 947 811 Caesarem
984 747 1103 830 ipsum,
1139 749 1200 828 (ex
1240 748 1334 810 cuius

154 855 404 917 commentariis
427 855 639 939 potissimum
663 854 801 930 Melam,
827 875 914 939 quae
939 853 982 915 de
1000 853 1110 916 Gallia
1126 851 1335 917 Germania·

154 984 219 1047 que
245 962 358 1037 tradit,
384 962 635 1047 deprompsisse
661 949 768 1046 patet)
793 962 906 1046 potius
922 972 1097 1023 auctorem
1114 960 1333 1035 referantur3

153 1069 236 1132 alios
269 1069 363 1132 locos
388 1091 431 1132 ex
464 1069 562 1132 Plinii
598 1068 689 1132 libris
722 1090 896 1131 emanasse
929 1066 1146 1139 crediderim,
1173 1067 1233 1129 cui
1258 1089 1335 1130 sen-

154 1176 279 1238 tentiae
304 1176 405 1240 facile
422 1198 636 1240 assensurum
652 1189 735 1260 puto
753 1198 840 1252 eum,
858 1175 912 1260 qui
930 1174 1044 1237 Melae
1064 1173 1334 1256 descriptionem

155 1281 213 1365 (lll
245 1285 411 1365 25-32)1
443 1305 520 1346 cum
552 1284 589 1345 iis
622 1283 779 1346 Caesaris
811 1282 1126 1345 commentariorum
1159 1279 1333 1366 Pliniique

156 1388 329 1452 Naturalis
354 1391 524 1454 Historiae
549 1391 641 1466 locis,
666 1391 709 1453 de
735 1388 857 1476 quibus
883 1391 971 1452 infra
995 1389 1211 1463 disseremus,
1241 1410 1334 1452 com-

153 1498 334 1580 paraverit.

248 1603 354 1680 Quod
389 1626 470 1667 vero
508 1605 669 1667 Manitius
706 1619 839 1668 censet:
886 1602 1091 1689 „Jedenialls
1127 1604 1236 1665 sehen
1272 1604 1335 1666 wir

154 1710 277 1774 immer
302 1711 423 1787 klarer,
449 1712 527 1774 dass
551 1712 605 1774 die
631 1711 814 1775 Germania
839 1713 912 1774 eine
930 1733 989 1774 aus
1007 1710 1072 1773 den
1090 1710 1335 1773 verschieden·

155 1831 229 1880 sten
253 1816 424 1882 Schriften
450 1831 833 1904 zusammengetragene
867 1817 1093 1901 Compilation
1125 1818 1197 1892 ist,“
1227 1817 1335 1880 Taci-

155 1936 236 2001 tum,
261 1927 345 1987 tanti
369 1926 493 2010 ingenii
517 1927 717 2010 scriptorem
742 1926 828 1988 falso
852 1926 916 1986 hoc
942 1925 1078 1987 crimine
1103 1924 1199 2008 argui
1226 1925 1332 1987 facile

156 2030 335 2116 apparebit
365 2033 405 2107 ei,
437 2034 492 2116 qui
530 2054 596 2117 qua
632 2034 761 2096 ratione
786 2031 943 2095 Caesaris
975 2031 1225 2094 commentariis
1251 2053 1333 2093 usus

156 2139 208 2214 sit,
233 2140 474 2224 cognoverit23
499 2140 588 2202 idem
613 2151 757 2224 apparet
782 2160 824 2201 ex
848 2139 959 2201 multis
984 2138 1084 2201 libelli
1108 2138 1191 2201 locis
1226 2138 1274 2220 (c.
1301 2144 1331 2202 2.

247 2335 257 2363 ¹
276 2337 367 2385 Melae
389 2338 422 2386 de
444 2338 657 2402 Chorographia
676 2338 724 2386 111.

247 2426 289 2474 25.
310 2425 462 2475 Germania
482 2429 547 2490 ripis
567 2428 658 2476 Rheni
678 2442 765 2490 usque
794 2427 829 2474 ad
849 2426 944 2488 Alpes,
974 2425 1089 2473 meridie
1115 2426 1183 2487 ipsis
1203 2424 1332 2486 Alpibus,

157 2516 193 2564 ab
213 2517 322 2565 oriente
342 2517 560 2566 Sarmaticarum
581 2517 701 2565 confinio
721 2518 856 2580 gentium,
885 2530 938 2578 qua
965 2516 1185 2576 septentrionem
1212 2519 1333 2575 spectat,

159 2605 302 2655 Oceanico
332 2607 414 2655 litore
442 2607 566 2655 obducta
597 2611 647 2654 est.
686 2607 727 2655 26.
757 2607 804 2668 qui
837 2605 964 2652 habitant
993 2606 1118 2651 inmanes
1147 2608 1212 2651 sunt
1231 2605 1332 2650 animis

155 2701 239 2758 atque
259 2697 424 2758 corporibus
439 2702 466 2745 et
485 2696 520 2744 ad
540 2697 651 2744 insitam
665 2695 806 2743 feritatem
819 2699 898 2741 vaste
912 2700 1029 2756 utraque
1045 2698 1184 2752 exercent,
1198 2692 1329 2740 bellando
1375 2758 1377 2763 Ι

157 2786 274 2845 animos,
303 2800 422 2848 corpora
450 2785 630 2834 assuetudine
657 2784 792 2842 laborum,
825 2785 943 2830 maxime
981 2781 1111 2846 trigoris,
1140 2782 1203 2828 nudi
1244 2786 1331 2845 agunt

157 2878 308 2937 antequam
336 2875 456 2937 puberes
485 2877 548 2934 sint,
578 2880 605 2922 ct
625 2875 787 2937 longissima
808 2873 882 2936 apud
900 2887 948 2920 eos
968 2874 1087 2935 pueritia
1114 2878 1164 2920 est.
1185 2873 1237 2918 viri
1257 2872 1331 2934 sagis

158 2963 284 3011 velantur
304 2970 352 3011 aut
371 2963 448 3011 libris
468 2964 608 3023 arborum,
629 2965 755 3026 quamvis
775 2977 858 3010 saeva
878 2962 980 3009 hieme.
1018 2963 1059 3011 27.
1089 2961 1170 3008 nandi
1200 2975 1256 3008 non
1286 2974 1330 3023 pa-

158 3054 256 3100 tientia
289 3057 397 3101 tantum
430 3052 491 3113 illis,
523 3052 645 3101 studium
676 3054 759 3100 etiam
788 3057 838 3100 est.
867 3050 939 3098 bella
969 3065 1032 3097 cum
1061 3050 1185 3097 finitimis
1212 3054 1330 3113 gerunt:

160 3157 259 3190 causas
288 3157 386 3190 eorum
417 3157 450 3190 ex
479 3142 593 3189 libidine
622 3148 776 3195 arcessunt,
806 3155 895 3202 neque
925 3139 1093 3201 inperitandi
1118 3139 1330 3202 prolatandique

159 3246 231 3295 quae
250 3232 394 3294 possident
414 3231 488 3294 (nam
518 3246 551 3279 ne
580 3231 626 3278 illa
655 3232 767 3294 quidem
797 3231 876 3277 enixe
906 3228 1021 3291 colunt),
1041 3228 1090 3276 sed
1110 3234 1140 3276 ut
1161 3230 1235 3275 circa
1256 3229 1331 3289 ipsos

159 3336 230 3384 quae
251 3323 343 3369 iacent
363 3326 442 3369 vasta
462 3322 525 3369 sint.
564 3322 606 3370 28.
626 3323 668 3369 ius
688 3323 714 3368 in
736 3320 840 3367 viribus
860 3318 974 3377 habent,
994 3319 1066 3366 adeo
1087 3323 1116 3365 ut
1137 3333 1170 3364 ne
1192 3318 1331 3365 latrocinii

160 3411 273 3474 quidem
293 3411 406 3473 pudeat,
426 3414 535 3458 tantum
554 3409 713 3472 hospitibus
733 3410 800 3457 boni
820 3410 957 3470 mitesque
982 3407 1161 3471 supplicibus,
1189 3408 1267 3453 victu
1293 3408 1330 3453 ita

160 3501 252 3562 asperi
271 3500 432 3562 incultique,
452 3505 483 3548 ut
503 3500 588 3548 cruda
609 3504 693 3549 etiam
714 3516 797 3550 carne
827 3507 978 3550 vescantur
997 3502 1046 3545 aut
1072 3496 1178 3543 recenti
1199 3500 1248 3542 aut
1269 3510 1331 3542 cum

160 3590 298 3652 rigentem
319 3590 347 3635 in
366 3590 433 3651 ipsis
453 3590 593 3652 pecudum
612 3589 791 3654 ferarumque
812 3593 896 3639 coriis
916 3589 1043 3637 manibus
1062 3584 1237 3648 pedibusque
1259 3584 1333 3631 subi·

159 3679 252 3742 gendo
282 3682 461 3728 renovarunt.
500 3680 542 3728 29.
571 3684 645 3728 terra
677 3681 736 3742 ipsa
767 3681 860 3729 multis
889 3678 1013 3742 inpedita
1042 3674 1209 3731 fluminibus,
1239 3673 1332 3720 multis

160 3767 303 3816 montibus
323 3783 421 3831 aspera
441 3773 469 3816 et
489 3783 589 3833 magna
610 3774 741 3831 exparte
762 3770 838 3817 silvis
862 3784 894 3816 ac
921 3766 1067 3830 paludibus
1097 3764 1179 3811 invia.
1209 3763 1333 3824 (enume-

160 3862 256 3904 rantur
286 3857 410 3920 paludeS,
441 3858 536 3917 silvae,
565 3864 684 3918 montes,
713 3858 845 3920 flumina).
893 3858 934 3905 31.
964 3869 1047 3918 super
1076 3852 1170 3901 Albim
1201 3850 1332 3900 Codanus

160 3946 258 4008 ingens
279 3948 354 3994 sinus
376 3949 483 4010 magnis
503 3949 652 4010 parvisque
681 3947 777 3995 insulis
803 3947 922 3994 refertus
951 3950 1001 3992 est.
1026 3944 1078 3990 hac
1100 3958 1128 3990 re
1149 3955 1224 3988 mare
1246 3976 1251 3987 .
1273 3977 1279 3987 .
1300 3975 1332 3988 ..

160 4050 210 4097 par
229 4034 303 4084 freto
325 4051 498 4099 curvansque
519 4051 549 4084 se
569 4037 686 4084 subinde
707 4037 792 4099 longo
818 4034 966 4097 supercilio
996 4033 1125 4080 inflexum
1153 4034 1204 4078 est.
1243 4030 1285 4077 32.
1306 4031 1332 4075 in

163 4142 197 4175 eo
218 4132 281 4175 sunt
302 4126 409 4176 Cimbri
430 4131 457 4174 et
478 4125 610 4187 Teutoni,
630 4127 702 4175 ultra
722 4126 811 4173 ultimi
832 4123 999 4173 Germaniae
1020 4122 1214 4169 Herminones.

250 4215 343 4265 tvide
363 4213 443 4265 infra.
