2994 4988
637 395 856 459 ..60-

164 591 287 670 tuque“
326 584 373 669 (ll
399 587 434 672 2)
470 598 505 650 et
540 607 627 672 quae
660 586 694 651 V
730 592 814 653 1—2
849 589 967 653 similia
1001 588 1139 656 uberius
1181 593 1310 679 exposita

164 705 252 768 sunt,
280 694 467 778 „quaedam
496 694 570 758 loco
607 695 800 782 diligentius
835 697 929 774 illini,
966 711 1056 761 terra
1091 699 1140 762 ita
1174 723 1255 785 pura
1281 721 1311 764 ac

164 800 374 885 splendente,
409 814 445 864 ut
473 803 641 887 picturam
676 824 718 866 ac
748 803 950 868 lineamenta
983 805 1136 869 colorum
1166 808 1310 872 imiteturl

163 905 249 971 XVI
276 912 370 984 1-3,
400 910 512 993 ,potui
543 912 717 973 humorem
749 932 822 975 esse
854 933 897 975 ex
930 913 1058 976 hordeo
1082 926 1142 977 aut
1165 915 1314 979 frumento

164 1015 197 1076 in
221 1016 393 1100 quandam
416 1017 665 1081 similitudinem
690 1019 758 1081 vini
775 1024 988 1104 corruptum“
1009 1019 1146 1102 (XXIII
1172 1024 1213 1104 1).
1237 1021 1314 1085 Haec

165 1121 297 1207 aliaque
321 1124 462 1187 laudans
479 1124 577 1188 Kritz
602 1126 804 1210 interrogat:
834 1125 943 1204 „Num
961 1126 1123 1192 credibile
1148 1141 1199 1193 est
1219 1151 1316 1215 quem·

166 1250 268 1313 quam
292 1230 339 1293 ita
362 1231 464 1316 loqui,
488 1232 544 1317 qui
569 1253 741 1316 nunquam
777 1233 809 1294 in
846 1216 935 1296 terra
969 1233 1096 1298 fuerit?
1119 1236 1207 1300 haec
1230 1234 1316 1300 verba

164 1334 208 1399 ab
234 1358 275 1399 eo
299 1337 399 1401 scribi
423 1339 584 1422 potuisse,
609 1340 664 1423 qui
690 1340 881 1403 interiorem
905 1340 1081 1404 domorum
1107 1343 1315 1406 conditionem

165 1465 232 1506 non
257 1445 329 1529 ipso
354 1458 497 1528 aspectu
521 1445 747 1531 cognoverit?
770 1448 854 1509 haec
879 1448 945 1510 dici
970 1449 1132 1532 potuisse,
1157 1451 1218 1513 nisi
1233 1450 1315 1513 Taci-

167 1565 220 1615 tus
244 1565 277 1615 et
301 1553 410 1638 ipsum
434 1565 552 1637 potum
575 1567 745 1639 gustasset
763 1567 796 1618 et
818 1556 888 1618 eius
906 1556 1157 1620 coniectionem
1174 1553 1315 1621 vidisset?

167 1659 257 1723 Nam
282 1661 428 1724 Romam
452 1661 587 1724 allatam
613 1683 685 1724 esse
711 1663 917 1738 cerevisiam,
950 1663 1024 1748 quis
1058 1663 1220 1728 credat?“
1254 1663 1316 1728 Non

167 1788 252 1852 opus
287 1780 337 1831 est
373 1769 532 1842 credere3
568 1781 603 1831 at
638 1791 774 1853 prorsus
810 1769 971 1833 credibile
1006 1783 1066 1847 est,
1102 1772 1190 1836 haec
1225 1770 1316 1835 omnia

167 1889 340 1958 comperta
375 1898 395 1939 a
431 1877 518 1953 viris,
555 1877 611 1961 qui
645 1877 707 1960 ipsi
742 1877 775 1939 in
800 1876 982 1940 Germania
1016 1878 1165 1955 fuerant,
1191 1892 1225 1942 et
1246 1896 1317 1965 quae
1368 1882 1370 1889 '

167 1983 326 2060 videndo,
351 1984 530 2060 audiendo
555 1985 724 2070 gustando
750 1997 992 2070 cognoverant,
1017 1997 1075 2047 aut
1109 1987 1235 2071 scripta
1265 1983 1318 2049 edi·
1368 2062 1370 2069 Ι

167 2091 298 2167 derant,
333 2103 392 2154 aut
425 2112 502 2154 cunr
536 2091 659 2154 Tacito
695 2092 888 2155 sciscitante
925 2093 1265 2171 communicaverant,
1285 2089 1318 2155 ab
1368 2082 1370 2093 '

168 2200 234 2261 hoc
268 2220 331 2281 pro
364 2199 490 2284 ingenii
525 2212 597 2262 arte
633 2211 735 2284 atque
773 2199 933 2263 facultate
970 2201 1001 2261 in
1036 2199 1148 2263 libello
1173 2201 1276 2264 relata
1295 2208 1321 2261 et

169 2305 324 2389 exposita
349 2327 432 2368 esse.
481 2305 586 2382 Quod
610 2328 692 2369 vero
719 2306 851 2370 Urlichs
876 2306 1051 2393 Belgicam
1083 2309 1323 2391 provinciama

169 2410 292 2475 Tacito
317 2412 583 2476 administratam
609 2435 682 2476 esse
706 2425 815 2498 putat,
841 2435 918 2476 cum
944 2436 1019 2477 eam
1035 2416 1237 2498 praesertim
1253 2415 1325 2479 Ger·
1367 2456 1370 2467 ·

169 2519 323 2596 maniam,
360 2541 447 2605 quae
482 2521 527 2583 ad
562 2521 721 2584 Rhenum
757 2522 877 2607 vergit,
913 2533 1072 2585 accurate
1109 2523 1326 2607 cognovisset,

168 2625 344 2689 Romanos
383 2627 460 2690 inde
508 2649 527 2689 a
563 2628 720 2692 Caesaris
759 2628 967 2712 temporibus
1007 2651 1049 2691 ex
1094 2626 1207 2692 Gallia
1246 2641 1329 2693 trans

168 2735 327 2798 Rhenum
351 2736 383 2796 in
408 2734 625 2798 Germaniam
651 2736 819 2820 ingressos
844 2757 919 2797 eam
943 2736 1118 2819 paullatim
1136 2737 1331 2822 cognovisse

168 2854 312 2918 constat,
348 2853 384 2904 ut
420 2843 538 2904 mirum
572 2863 639 2903 non
676 2841 840 2918 videatur,
877 2864 962 2918 eam,
999 2865 1085 2928 quae
1110 2842 1154 2906 ad
1180 2842 1336 2907 Rhenum

169 2951 289 3036 vergit,
313 2948 532 3012 Germaniam
560 2950 668 3034 magis
707 2961 822 3012 notam
861 2950 977 3025 fuisse,
1012 2972 1113 3035 quam
1145 2950 1336 3026 interiorem

169 3078 245 3122 cum
270 3055 424 3120 omnibus
448 3056 612 3120 Romanis
636 3069 706 3119 tum
737 3056 871 3132 Tacite,
905 3058 1035 3120 etiamsi
1065 3079 1132 3121 non
1162 3056 1336 3143 Belgicam

167 3167 376 3252 provinciam
399 3166 704 3240 administraverat,
728 3176 786 3226 aut
817 3165 850 3226 in
874 3163 1057 3228 Germania
1088 3164 1222 3250 legatus
1256 3165 1336 3251 legi-

169 3274 241 3337 onis
265 3274 389 3348 fuerat‚
412 3284 470 3335 aut
493 3273 644 3356 privatus
668 3271 712 3333 ad
729 3271 842 3333 Rheni
867 3271 1033 3334 inferioris
1060 3273 1150 3356 ripas
1174 3271 1337 3357 aliquam-

168 3380 225 3444 diu
260 3370 486 3443 commoratus
522 3390 603 3442 erat.
648 3378 808 3442 Ceterum
841 3378 983 3441 Tacitus
1015 3400 1082 3442 non
1121 3379 1230 3441 minus
1262 3400 1338 3463 per-

168 3488 283 3572 spicue
322 3487 455 3571 scripsit
491 3486 534 3549 de
558 3484 736 3548 Germanis
775 3486 920 3548 Danuvii
960 3486 1050 3570 ripas
1081 3485 1338 3562 incolentibus‚1

169 3595 356 3679 eademque
395 3594 648 3679 perspicuitate,
688 3593 780 3677 quod
819 3592 923 3654 multo
962 3593 1071 3678 magis
1110 3593 1256 3673 mireris,
1296 3592 1338 3656 de

168 3701 304 3766 Suebici
343 3702 443 3765 maris
483 3701 650 3764 accolis22
696 3700 738 3762 de
778 3699 1021 3763 Naharvalium
1066 3698 1248 3784 religione,
1297 3699 1339 3763 de

168 3808 330 3872 Suionum
354 3807 496 3871 navibus
519 3819 621 3892 atque
646 3807 798 3892 remigio,
822 3806 865 3869 de
882 3805 1077 3869 Aestiorum
1100 3806 1339 3890 superstitione

169 3929 203 3980 et
227 3916 400 3991 industria,
426 3916 468 3979 de
494 3915 688 3979 Fennorum
712 3916 795 3976 mira
819 3915 956 3978 feritate
989 3914 1161 3999 foedaque
1194 3935 1341 3999 pauper-

168 4036 249 4087 tate.
296 4023 368 4086 Has
392 4043 508 4085 omnes
531 4033 652 4107 gentes
676 4022 785 4105 ipsum
809 4020 931 4083 adiisse
962 4021 1122 4085 Tacitum
1150 4042 1250 4084 nemo
1281 4020 1341 4084 ad·

167 4132 235 4195 huc
259 4129 442 4194 contendit.

259 4272 269 4302 ¹
288 4275 322 4323 cf.
343 4289 366 4326 c.
386 4276 428 4341 41,
447 4276 490 4324 42.
528 4272 593 4323 ²cf.
613 4288 637 4323 c.
656 4274 770 4323 43-46.
