2994 4988
637 349 858 410 -32..

162 539 292 604 verbis:
332 541 424 625 ,agri
458 561 521 624 pro
556 560 696 602 numero
729 539 896 602 cultorum
924 539 969 603 ab
994 539 1163 604 universis
1187 541 1221 604 in
1244 543 1317 606 vieo

162 652 404 731 occupantur.“
454 645 543 710 Cum
566 659 681 709 autem
705 646 835 710 Caesar
859 668 879 708 a
903 645 1162 731 magistratibus
1189 660 1224 712 et
1245 648 1318 734 priu-

163 752 294 838 cipibus
318 754 392 838 agri
416 753 555 816 modum
578 753 717 838 singulis
741 751 877 816 attribui
909 764 1012 838 atque
1045 775 1135 817 anno
1170 766 1250 839 post
1276 776 1320 819 eos

163 861 305 923 transire
331 861 408 946 cogi
432 859 535 937 dicat,
559 860 702 924 Tacitus
726 862 817 944 ipsos
842 860 929 923 inter
951 881 987 923 se
1013 882 1134 946 agrum
1160 863 1277 946 partiri
1298 875 1322 925 et

162 990 224 1053 per
248 989 354 1031 annos
377 981 513 1051 mutare·
532 968 623 1031 dicit.
670 967 845 1030 Differunt
869 968 1062 1053 scriptores,
1087 969 1183 1053 quod
1200 969 1323 1055 saepius

163 1074 427 1151 observavimus,
452 1076 485 1138 in
511 1076 630 1151 causis,
656 1095 739 1160 quas
775 1073 916 1138 addunt.
964 1074 1053 1138 Cum
1084 1075 1177 1138 enim
1208 1075 1325 1140 Caesar

163 1181 285 1245 multas
321 1203 441 1246 causas
477 1183 613 1258 afferat,
646 1180 767 1266 quibus
803 1182 963 1244 commoti
999 1181 1221 1267 magistratus
1250 1203 1326 1246 anno

164 1302 287 1353 exacto
313 1289 459 1353 cultores
494 1310 578 1374 agro
613 1289 736 1352 cedere
772 1300 898 1373 cogant
910 1290 931 1364 1,
955 1288 1097 1351 Tacitus
1132 1289 1326 1353 facilitatem

163 1396 331 1480 partiendi
356 1397 403 1459 ait
427 1417 624 1480 camporum
648 1396 765 1480 spatiis
799 1394 974 1479 praeberi3
1011 1417 1094 1458 arva
1129 1417 1195 1480 per
1228 1418 1325 1460 annos

164 1505 284 1566 mutari
308 1524 420 1588 posse,
446 1514 482 1566 ut
511 1503 566 1566 vel
600 1502 745 1587 supersit
779 1523 874 1588 ager,
910 1503 1118 1588 argumentis
1152 1525 1197 1566 ex
1232 1504 1327 1588 ipsius

163 1611 401 1696 agriculturae,
437 1609 545 1694 qualis
580 1610 672 1694 apud
708 1608 899 1672 Germanos
935 1621 1019 1686 erat,
1054 1611 1187 1674 ratione
1223 1611 1328 1695 petitis

164 1717 381 1803 comprobat:
411 1718 581 1802 ,pomaria
605 1739 672 1779 non
697 1717 839 1792 conseri,
864 1729 962 1800 prata
985 1739 1053 1780 non
1077 1719 1243 1802 separari,
1262 1720 1329 1780 hor·

164 1837 216 1889 tos
240 1847 307 1888 non
331 1826 451 1911 rigari3
475 1825 581 1887 solam
606 1837 717 1887 terrae
741 1836 893 1909 segetem
918 1824 1105 1908 imperari.“

253 1949 293 2012 In
317 1970 353 2013 re
377 1951 449 2034 ipsa
475 1951 576 2033 igitur
600 1950 631 2011 in
656 1950 848 2011 universum
873 1950 1063 2012 consentire
1087 1949 1234 2013 Tacitus
1261 1971 1330 2014 cum

165 2056 314 2120 Caesare
339 2056 483 2132 videtur,
508 2077 584 2119 cum
608 2069 751 2141 uterque
777 2055 878 2132 dicat,
903 2078 1024 2141 agrum
1048 2057 1160 2141 ipsum
1179 2057 1331 2132 civitatis,

113 2191 117 2204 ·
164 2185 232 2227 non
255 2163 464 2249 singulorum
488 2185 572 2240 esse,
597 2164 746 2249 singulos
781 2175 914 2247 partem
950 2164 1024 2249 agri
1063 2163 1176 2227 colere
1210 2176 1245 2228 et
1276 2185 1332 2249 per

165 2292 271 2335 annos
295 2283 436 2334 mutare.

253 2377 408 2442 Haecin
434 2399 610 2442 commune
635 2378 678 2441 de
702 2380 850 2442 omnium
869 2378 1119 2442 Germanorum
1143 2377 1295 2443 moribus
1316 2401 1334 2442 a

166 2485 315 2550 Caesare
340 2485 463 2549 tradita
496 2487 529 2548 in
562 2508 658 2548 usum
691 2508 788 2549 suum
814 2487 981 2550 convertit
1013 2486 1045 2548 T
1048 2487 1168 2550 acitus.
1218 2486 1336 2573 Singu-

165 2593 272 2655 larum
294 2593 446 2678 gentium
469 2613 597 2677 paucas
622 2605 832 2678 cognoverat
857 2592 1004 2668 Caesar3
1037 2616 1079 2657 ex
1112 2594 1163 2657 his
1194 2593 1335 2658 Batavi²

165 2699 281 2762 sedem
306 2700 339 2761 in
363 2698 470 2761 insula
493 2699 606 2761 Rheni
631 2698 857 2777 obtinuerant,
883 2700 987 2764 Ubii3
1010 2723 1030 2764 a
1053 2701 1221 2765 Romanis
1245 2701 1334 2764 Rhe·

164 2828 244 2869 num
284 2807 429 2870 traducti
469 2819 584 2883 erant,
624 2805 828 2893 Sugambri4
870 2809 993 2887 „excisi
1033 2820 1091 2871 aut
1136 2808 1170 2870 in
1211 2807 1335 2872 Gallias

166 2915 330 2990 traiecti“‚
365 2913 639 2979 Tencterorum5
674 2916 839 2999 equestris
876 2916 1072 3000 disciplinae
1115 2926 1225 2977 artem
1269 2917 1335 3000 ipse

167 3034 327 3105 expertus
362 3035 434 3085 erat
466 3022 605 3086 Caesar.
660 3020 781 3108 Longe
814 3023 958 3107 plurima
988 3022 1031 3085 de
1055 3021 1177 3085 Suebis
1211 3022 1337 3087 Caesar

168 3132 310 3207 disserit,
337 3153 378 3194 ex
396 3129 517 3215 quibus
533 3130 692 3193 nonnulla
708 3152 810 3215 supra
831 3129 1178 3193 commemoravimus.
1200 3129 1335 3205 Restat,
1372 3214 1374 3219 Ι

259 3327 267 3355 ¹
288 3329 367 3379 Caes
388 3329 418 3377 B.
439 3328 472 3378 G.
494 3328 533 3376 V[
552 3329 602 3376 22:
623 3329 689 3376 Eius
709 3330 749 3376 rei
769 3329 870 3376 multas
889 3328 1010 3376 afferunt
1030 3341 1143 3375 causas:
1171 3342 1205 3375 ne
1226 3326 1334 3375 assidua

169 3418 371 3467 consuetudine
401 3419 475 3482 capti
504 3417 626 3466 studium
656 3418 720 3465 belli
752 3417 868 3482 gerendi
896 3418 1067 3481 agricultura
1087 3420 1280 3476 commutent,
1304 3428 1334 3463 ne

168 3508 240 3556 latos
260 3507 328 3556 fines
347 3523 445 3570 parare
465 3507 605 3566 studeant,
616 3509 846 3570 potentioresque
866 3507 1029 3555 humiliores
1048 3505 1274 3569 possessionibus
1295 3519 1334 3552 ex·

168 3597 289 3660 pellant,
309 3613 343 3645 ne
363 3599 521 3645 accuratius
541 3596 576 3644 ad
595 3595 701 3660 frigora
720 3601 804 3659 atque
833 3601 927 3644 aestus
956 3595 1085 3644 vitandos
1109 3594 1273 3655 aedificent3
1304 3606 1334 3642 ne

169 3701 223 3750 qua
255 3689 360 3734 oriatur
391 3689 526 3750 pecuniae
558 3686 704 3749 cupiditas,
737 3701 790 3749 qua
820 3701 853 3734 ex
884 3701 913 3733 re
938 3686 1075 3733 factiones
1096 3684 1334 3747 dissensionesque

169 3782 333 3836 nascuntur;
353 3782 383 3824 ut
403 3779 487 3825 animi
507 3779 650 3840 aequitate
670 3776 781 3840 plebem
801 3777 972 3836 contineant,
987 3790 1050 3822 curn
1064 3788 1128 3823 suas
1140 3776 1257 3838 quisque
1271 3784 1333 3836 opes

170 3882 233 3914 cum
253 3867 455 3930 potentissimis
474 3869 588 3930 aequari
609 3866 711 3914 videat.

260 3953 270 3981 ²
290 3955 369 4005 Caes.
391 3956 421 4003 B.
441 3955 475 4005 G.
494 3957 534 4004 IV
556 3959 595 4018 10,
616 3957 684 4004 Tac.
704 3957 746 4004 29.

260 4042 356 4101 ³Tac,
377 4047 419 4095 28.

259 4135 270 4163 ⁴
289 4137 357 4184 Tac.
377 4136 476 4186 Annal.
496 4135 549 4184 XII
569 4138 610 4185 39.

260 4224 357 4276 ⁶Tac.
378 4242 401 4277 c.
422 4227 463 4288 32,
484 4226 564 4276 Caes,
584 4227 615 4278 B.
635 4226 669 4277 G.
688 4227 728 4276 IV
750 4227 790 4276 12.
