2978 4988
623 320 949 424 -35--⁴

218 552 387 616 Plinius
411 551 505 616 Nat.
531 551 641 615 Hist.

196 660 255 724 IV.
299 664 349 726 79.
386 659 501 724 Hister
543 671 636 722 ortus
677 661 711 722 in

166 765 335 832 {ermania
351 767 437 853 iugis
454 767 576 829 montis
592 765 711 829 Abno-

166 896 215 938 iae
241 896 283 937 ex
298 874 442 937 adverso
466 873 605 936 Raurici
630 872 711 936 Gal-

166 981 215 1044 iae
229 981 356 1065 oppidi,
370 981 481 1043 multis
499 981 585 1043 ultra
602 978 710 1064 Alpes

166 1088 283 1151 nilibus
330 1108 371 1151 ac
418 1109 481 1172 per
519 1088 710 1150 innumeras

166 1212 265 1280 apsus
277 1206 398 1280 gentes
410 1193 557 1257 Danuvii
566 1195 709 1271 nomine,

940 553 1138 616 Tacitus.
1329 638 1331 642 Α

813 663 840 722 1.
867 660 1051 736 Danuvius,
1083 659 1173 722 molli
1198 673 1232 722 et
1257 661 1324 725 cle-

765 778 894 829 menter
911 767 1002 830 edito
1018 767 1139 829 montis
1153 766 1322 831 Abnobae

767 875 845 958 iugo
877 875 1023 949 effusus,
1048 874 1151 959 pluris
1180 875 1323 959 populos

765 980 846 1056 adit,
861 981 970 1045 donec
988 982 1019 1043 in
1034 981 1213 1044 Ponticum
1231 1003 1322 1045 mare

765 1109 824 1151 sex
849 1087 1014 1151 meatibus
1040 1078 1214 1172 erumpatss
1248 1110 1324 1173 sep-

765 1195 882 1257 timum
906 1217 943 1258 os
965 1194 1145 1279 paludibus
1162 1196 1321 1258 hauritur.

166 1324 312 1366 inmenso
345 1323 509 1387 aquarum
541 1313 643 1365 auctu
677 1313 711 1364 et

167 1410 242 1472 inde
275 1410 418 1493 primum
451 1407 620 1494 Illyricum
651 1408 711 1471 ad-

168 1517 227 1594 uit,
260 1516 374 1580 Hister
404 1516 612 1601 appellatus,
643 1514 711 1578 LX

170 1623 304 1687 mnibus
314 1622 591 1708 receptis,medio
601 1622 709 1685 ferme

171 1752 268 1795 orum
291 1751 431 1794 numero
454 1728 653 1815 navigabili,
678 1731 709 1791 in

172 1838 298 1901 'ontum
323 1839 425 1901 vastis
441 1859 502 1900 sex
518 1836 710 1900 fluminibus

174 1944 325 2009 volvitur.

241 2053 394 2138 Uterque
429 2053 506 2115 oriri
539 2053 621 2115 dicit
653 2051 846 2115 Danuvium
879 2052 958 2136 iugo
984 2050 1152 2115 Abnobae
1178 2054 1321 2126 montis;

177 2159 246 2222 nius
270 2160 368 2222 situm
393 2180 469 2222 cum
493 2158 620 2221 Plinius
644 2157 783 2220 Raurici
809 2157 925 2241 oppidi
960 2170 993 2221 et
1017 2157 1155 2242 Alpium
1191 2161 1321 2223 ratione

178 2265 267 2330 abita
291 2267 497 2330 accurratius
522 2265 670 2341 definiat,
695 2264 837 2327 Tacitus
862 2266 1027 2327 rhetorice
1059 2287 1226 2329 exornans
1261 2267 1322 2330 de-

180 2373 371 2458 :riptionem
394 2374 509 2459 iugum
533 2374 655 2435 montis
682 2372 799 2450 „molle
825 2384 859 2434 et
884 2372 1067 2434 clementer
1090 2373 1236 2435 editum“
1264 2395 1323 2436 vo-
1397 2355 1400 2361 ⁵

182 2491 219 2556 tt,
255 2500 341 2564 quae
376 2479 481 2543 verba
517 2480 723 2564 respondent
758 2480 808 2541 his
837 2478 1134 2542 antecedentibus:
1164 2479 1321 2564 „Alpium

184 2607 325 2651 accesso
350 2600 383 2650 et
406 2588 584 2672 praecipiti
600 2587 747 2650 vertice“
768 2599 860 2648 ortus
878 2587 1044 2668 (Rhenus)
1060 2589 1089 2660 ¹;
1113 2608 1175 2670 per
1199 2588 1320 2650 multas

186 2706 274 2759 entes
304 2693 408 2757 fluere
432 2693 624 2757 Danuvium
657 2693 758 2756 tradit
791 2693 933 2757 Tacitus
965 2706 1140 2757 auctorem
1173 2707 1320 2772 secutus

187 2801 232 2864 hil
255 2814 367 2864 autem
391 2801 434 2864 de
458 2814 588 2864 mutato
612 2802 765 2876 nomine,
790 2800 833 2863 de
864 2802 974 2864 multis
998 2801 1152 2864 amnibus
1177 2803 1321 2886 receptis

189 2920 412 2982 immemorat3
437 2921 578 2992 uterque
603 2908 684 2971 dicit
715 2908 844 2971 effundi
869 2909 1062 2971 Danuvium
1086 2909 1118 2970 in
1142 2908 1320 2971 Ponticum

191 3034 244 3079 tre
279 3036 339 3078 sex
375 3016 478 3091 ostiis,
514 3018 614 3100 (quae
651 3015 777 3078 Plinius
815 3014 949 3078 uberius
986 3015 1171 3097 describit).
1231 3016 1320 3079 Cum

193 3132 264 3184 ‚tem
287 3122 484 3207 plerumque
509 3134 641 3206 septem
665 3136 881 3185 numerentur
904 3122 1051 3185 Danuvii
1075 3123 1160 3185 ostia
1173 3127 1194 3194 ²,
1219 3122 1322 3185 Taci-

194 3248 215 3305 t,
239 3240 275 3291 ut
298 3230 445 3293 auctoris
469 3228 582 3292 verbis
606 3229 708 3292 fidem
732 3229 878 3304 laceret,
910 3229 1090 3312 septimum
1121 3251 1158 3292 os
1191 3230 1322 3314 paludi-

196 3336 360 3399 shauriri
384 3337 490 3399 addit.
567 3391 577 3409 ,
1248 3421 1250 3424 7

239 3440 381 3528 Saepius
404 3442 531 3506 Plinius
555 3443 594 3504 de
616 3441 746 3505 Oceano
769 3442 1028 3528 septentrionali
1048 3442 1227 3527 ansulisque
1249 3445 1317 3505 eins

220 3549 375 3634 loquitur,
400 3562 436 3613 ut
460 3550 619 3614 Tacitum
644 3572 687 3612 ex
710 3549 802 3613 libris
828 3551 898 3613 eius
921 3550 1131 3634 potissimum
1157 3571 1207 3626 ea,
1232 3571 1319 3634 quae

200 3655 264 3733 dit,
294 3658 443 3720 hausisse
477 3671 652 3742 appareat.
704 3657 790 3720 Sunt
822 3670 936 3720 autem
971 3657 1004 3718 hi
1038 3658 1222 3741 praecipue
1254 3658 1319 3721 loci

201 3765 391 3848 uparandi:

270 3887 443 3953 Plinius
468 3888 512 3952 N.
537 3889 580 3953 H.

203 3994 226 4058 31
251 3996 616 4081 167.Septentrionalis
628 4019 708 4060 vero

931 3888 961 3950 T
971 3910 991 3950 a
1001 3909 1019 3951 c
1030 3889 1039 3949 i
1052 3902 1129 3951 tus

811 4001 837 4059 l.
864 3996 989 4060 Cetera
1014 3995 1173 4059 Oceanus
1205 3995 1319 4072 ambit,

238 4155 246 4185 ¹
268 4157 303 4208 cf.
322 4174 405 4221 supra
424 4174 487 4224 pag.
509 4161 550 4209 lt.

236 4243 247 4274 ²
266 4254 335 4314 quot
354 4249 423 4297 Nili:
443 4249 517 4298 Mela
536 4249 562 4297 II
582 4251 606 4311 8,
626 4241 811 4320 sustinendos:
833 4248 935 4298 Strabo
956 4248 1016 4309 VII,
1041 4249 1100 4296 305.

1105 4355 1137 4406 3*
