2994 4988
606 262 830 323 „33-

128 511 129 514 ,
177 469 203 518 ut
229 451 257 514 in
284 455 563 541 comparationem
597 475 758 517 vocemus
791 474 831 516 ea
866 452 981 529 verba,
1013 452 1135 538 quibus
1164 470 1306 540 uterque

127 575 128 578 ’
176 558 399 645 descriptionem
421 562 534 647 gentis
556 561 696 624 orditur.

273 685 433 751 Caesar
456 685 496 748 B.
519 684 564 749 G.
927 683 1123 747 Tacitus

115 812 117 817 ·
208 790 248 854 IV
260 797 283 858 l.
304 793 464 878 Usipetes
481 805 515 855 et
531 792 694 855 Tencteri
794 795 846 854 38.
872 789 972 853 Nunc
995 791 1039 854 de
1055 790 1177 855 Suebis
1193 793 1308 856 dicen-

115 984 117 999 Ι
171 897 296 963 Rhenum
324 901 529 964 transierunt
562 947 570 961 .
604 946 611 961 .
644 946 652 961 .
684 946 692 960 .
748 897 828 960 dum
859 909 925 972 est,
956 918 1100 981 quorum
1129 921 1197 962 non
1229 922 1306 967 una.

171 1003 294 1071 aSuebis
308 1007 483 1094 exagitati.
510 1056 518 1070 .
545 1055 553 1069 .
578 1057 585 1069 .
609 1004 695 1069 Sue-
748 1017 784 1066 ut
797 1003 999 1068 Chattorum
1016 1005 1307 1070 Tencterorumve

171 1109 260 1176 borum
270 1136 353 1200 gens
365 1128 417 1177 est
429 1115 531 1199 longe
547 1113 692 1175 maxima
747 1132 850 1196 gens:
895 1113 1055 1175 maiorem
1095 1115 1182 1175 enim
1223 1113 1307 1177 Ger·

169 1218 435 1286 etbellicosissima
446 1220 694 1284 Germanorum
748 1219 879 1281 maniae
899 1234 1031 1303 partem
1049 1220 1213 1296 obtinent,
1230 1243 1308 1304 pro·

115 1332 124 1403 ζ
169 1327 293 1392 omnium.
338 1328 384 1391 Hi
416 1340 553 1391 centurn
584 1348 694 1412 pagos
747 1326 828 1410 priis
851 1326 964 1389 adhuc
988 1325 1179 1389 nationibus
1203 1329 1309 1390 nomi-

115 1416 117 1481 Ῐ
168 1431 264 1500 habere
286 1437 453 1500 dicuntur.
748 1432 913 1517 nibusque
938 1433 1086 1509 discreti,
1102 1456 1308 1520 quamquam

203 1540 236 1603 cl.
266 1542 289 1606 Ι.
324 1547 366 1608 39
409 1562 518 1628 pagos
558 1553 692 1604 centurn
748 1540 781 1601 in
805 1560 982 1602 commune
1005 1540 1109 1604 Suebi
1133 1556 1306 1605 vocentur.

115 1694 119 1699 .
170 1641 326 1712 Sueborum
367 1649 413 1712 ad
450 1649 564 1712 Rheni
603 1648 694 1731 ripas
794 1652 845 1711 39.
871 1647 1127 1711 Vetustissimos
1148 1671 1184 1711 se
1213 1648 1308 1713 nobi-

115 1848 119 1885 l

171 1756 339 1820 consedisse.
748 1753 957 1839 lissimosque
990 1754 1180 1819 Sueborum
1213 1755 1308 1820 Sem-

749 1883 854 1924 nones
867 1874 1080 1926 memorant.
1106 1911 1113 1926 .
1139 1911 1146 1926 .
1172 1881 1307 1927 centurn

748 1969 829 2054 pagi
853 1969 892 2032 iis
916 1969 1120 2034 habitantur.

115 2184 117 2191 Ι
234 2109 449 2175 Manifestum
472 2111 606 2174 videtur
637 2132 711 2174 esse
735 2110 893 2174 Taciturn
929 2111 1086 2176 Caesaris
1120 2114 1225 2177 verba
1258 2137 1309 2177 re-

115 2208 117 2215 ’
171 2212 336 2293 spicientem
353 2231 388 2282 et
404 2220 630 2304 corrigentem
653 2222 822 2305 expressis
846 2219 957 2283 verbis
973 2220 1105 2283 dicere:
1123 2243 1190 2284 non
1207 2244 1307 2284 unam

169 2335 222 2382 esse
235 2323 417 2390 Sueborum
439 2339 589 2411 gentem,
613 2327 674 2390 sed
696 2328 810 2412 plures
834 2328 986 2391 nationes
999 2329 1144 2412 propriis
1168 2330 1308 2390 nomini-

168 2417 213 2488 bus
231 2433 398 2509 discretas,
422 2455 627 2517 quamquam
651 2435 684 2496 in
709 2456 885 2497 commune
911 2433 1016 2499 Suebi
1039 2448 1212 2498 vocentur.

233 2556 372 2622 Centum
395 2579 505 2644 pagos
528 2557 718 2622 Sueborum
735 2582 755 2622 a
772 2559 922 2624 Caesare
946 2575 1149 2624 memoratos
1166 2561 1307 2624 Tacitus

165 2647 372 2742 Semonibus,
387 2667 621 2729 vetustissimis
638 2666 1126 2753 nobilissimisqueSueborum,
1143 2668 1307 2732 attribuit.

229 2930 280 2996 Ex
303 2934 352 3009 iis,
377 2955 465 3019 quae
489 2933 601 2997 adhuc
625 2934 890 3017 disputavimus,
915 2934 996 2996 satis
1019 2957 1185 3018 apparere
1210 2949 1304 3019 puto,

159 3042 299 3107 quantum
324 3053 358 3104 et
383 3062 451 3125 qua
475 3042 603 3104 ratione
629 3041 771 3104 Tacitus
796 3063 838 3104 ex
868 3041 1025 3105 Caesaris
1058 3044 1307 3105 commentariis

159 3129 302 3213 hauserit:
339 3148 440 3225 Quae
476 3148 606 3212 Caesar
637 3148 676 3211 B.
708 3148 751 3212 G.
785 3149 799 3211 Ι
830 3153 971 3224 31-54,
1014 3147 1064 3210 IV
1099 3153 1221 3224 1-19,
1259 3149 1308 3212 Vl

158 3241 247 3320 949
275 3257 318 3321 de
342 3255 522 3319 Germanis
555 3255 667 3330 tradit,
699 3257 737 3317 iis
767 3256 863 3339 quasi
897 3255 1121 3318 fundamento
1153 3279 1232 3318 usus
1257 3270 1308 3319 est

156 3343 278 3427 Tacitus
301 3364 335 3426 in
359 3363 445 3426 libro
462 3363 716 3447 componendo;
741 3384 830 3447 quae
855 3385 934 3425 vere
951 3362 1076 3425 tradita
1094 3362 1307 3439 videbantur,

156 3451 181 3520 lss
209 3467 326 3533 librum
361 3471 546 3543 transtulit3
588 3482 689 3534 aucta
724 3470 855 3545 retulit,
891 3491 977 3554 quae
1020 3471 1212 3533 accuratius
1253 3493 1309 3533 co-

156 3583 322 3652 gnoveram
336 3579 483 3641 correxit
500 3599 587 3662 quae
603 3599 670 3640 non
688 3599 767 3640 vere
786 3577 909 3640 tradita
926 3575 1138 3653 videbantur,
1157 3579 1308 3640 referens

154 3684 297 3748 Orationis
321 3684 535 3748 similitudine
561 3685 708 3747 auctoris
733 3683 856 3757 verba3
882 3705 1001 3746 causas
1026 3705 1136 3745 rerum
1161 3685 1309 3769 plerum-

154 3799 207 3865 que
228 3793 310 3856 alias
336 3804 439 3877 atque
463 3804 581 3853 auctor
606 3792 738 3875 profert
762 3813 804 3853 ex
822 3792 925 3875 ipsius
941 3812 1051 3853 rerum
1069 3792 1180 3853 studio
1205 3804 1306 3875 atque

153 3885 272 3979 ingenio
296 3900 488 3985 profectas3
513 3900 721 3974 omittuntur,
745 3920 832 3983 quae
860 3899 1014 3982 quamvis
1038 3920 1099 3982 per
1123 3922 1158 3960 se
1184 3921 1307 3961 memo-

153 4000 255 4069 rabilia
290 4005 335 4069 ad
370 4026 480 4068 mores
511 4005 757 4068 Germanorum
793 4005 1050 4090 cognoscendos
1080 4006 1157 4066 nihil
1183 4007 1307 4068 all'erre

152 4106 351 4177 Videbantur.

1098 4242 1113 4290 3
