2978 4988
744 324 969 388 ..52-

269 539 375 604 regno
416 518 542 580 eiectus
582 529 643 593 est,
684 517 803 580 decem
839 519 934 580 annis
969 531 1046 602 post
1082 518 1221 583 cladem
1253 521 1443 598 Varianam,

269 625 517 709 negotiatorum
549 623 792 700 Romanorum,
829 646 906 687 cum
941 625 979 688 iis
1012 625 1062 688 ius
1098 630 1312 692 commercii
1343 631 1445 694 datum

269 743 368 808 esset,
393 752 616 815 permagnum
640 731 744 794 fuisse
779 753 953 794 numerum
985 753 1115 817 perque
1148 754 1300 798 omnem
1335 750 1446 801 terram

269 837 425 900 effusum.
472 837 623 900 Posteris
648 837 856 922 temporibus
880 860 947 902 non
972 839 1134 902 minorem
1151 840 1268 905 fuisse
1287 844 1446 930 altiusque

267 944 300 1006 in
336 944 408 1008 dies
443 944 476 1008 in
512 943 730 1007 Germaniam
764 946 928 1008 orientem
963 947 1293 1032 septentrionesque
1340 973 1446 1015 versus

266 1052 497 1135 penetravisse
523 1064 665 1116 constat.
714 1052 811 1129 Quas
835 1055 1045 1138 potissimum
1071 1075 1124 1116 res
1148 1075 1297 1140 quaque
1325 1059 1445 1123 ratione

267 1170 300 1221 et
336 1159 389 1220 via
422 1158 569 1222 Romani
605 1181 622 1221 e
659 1158 842 1222 Germania
878 1161 1046 1244 petierint,
1083 1164 1251 1246 cognosci
1292 1165 1376 1229 licet
1411 1188 1446 1228 ex

266 1266 432 1329 nonnullis
456 1266 542 1328 Hist.
568 1265 648 1329 Nat.
674 1265 772 1329 Plinii
790 1266 971 1353 Tacitique
997 1268 1099 1352 ipsius
1116 1267 1221 1331 libelli
1246 1271 1351 1352 locis,
1368 1294 1446 1359 quos

266 1373 427 1436 collectos
451 1385 529 1437 ante
554 1373 669 1436 oculos
692 1395 827 1458 ponam.

715 1497 842 1562 Plinius
866 1498 909 1561 N.
934 1499 977 1562 H.

355 1604 436 1667 VIII
472 1610 523 1670 38.
560 1603 779 1682 Animalium,
816 1627 903 1691 quae
950 1607 1051 1670 modo
1086 1620 1254 1672 convecta
1295 1613 1445 1697 undique

265 1712 395 1776 Italiam
420 1713 593 1798 contigere
622 1715 767 1797 saepius,
799 1715 909 1799 gignit
943 1713 1126 1776 Germania
1158 1716 1310 1802 insignia
1346 1719 1446 1783 boum

264 1821 414 1884 ferorum
449 1841 595 1905 genera,
627 1820 760 1883 iubatos
801 1821 950 1884 bisontes
987 1823 1234 1907 excellentique
1276 1838 1315 1888 et
1350 1827 1382 1888 vi
1416 1839 1446 1890 et

265 1928 445 1990 velocitate
470 1949 558 1989 uros

353 2032 388 2095 X
413 2039 464 2098 53.
494 2033 620 2096 Mirum
651 2035 684 2096 in
715 2035 779 2097 hac
811 2035 889 2098 alite
926 2037 1073 2119 (ansere)
1103 2057 1123 2098 a
1153 2035 1301 2101 Morinis
1337 2062 1444 2126 usque

265 2139 410 2204 Romam
435 2140 580 2225 pedibus
605 2143 739 2216 venire;
765 2190 772 2203 .
799 2193 805 2205 .
832 2191 838 2205 .
866 2142 1087 2206 candidorum
1112 2143 1256 2207 alterum
1291 2147 1445 2233 vectigal

264 2247 298 2310 in
328 2248 452 2332 pluma.
510 2248 689 2311 Velluntur
719 2248 923 2335 quibusdam
954 2250 1036 2313 locis
1067 2250 1118 2314 bis
1150 2273 1261 2325 anno;
1298 2254 1444 2329 mollior,

265 2376 351 2439 quae
377 2357 510 2440 corpori
534 2357 688 2440 proxima
713 2369 746 2419 et
770 2379 788 2419 e
814 2356 997 2420 Germania
1014 2358 1255 2422 laudatissima.
1289 2359 1442 2425 Candidi

264 2462 320 2539 ibi,
346 2484 461 2525 verum
486 2464 642 2540 minores,
666 2476 791 2549 gantae
818 2477 994 2528 vocantur.

355 2574 406 2634 54.
432 2569 582 2633 Pretium
606 2571 741 2655 plumae
766 2592 882 2633 eorum
906 2572 939 2633 in
964 2571 1066 2635 libras
1091 2572 1220 2636 denarii
1244 2572 1352 2658 quini.
1397 2575 1443 2638 Et

265 2678 343 2742 inde
383 2679 522 2741 crimina
560 2679 759 2763 plerumque
800 2679 1000 2741 auxiliorum
1039 2680 1244 2764 praefectis,
1284 2702 1304 2743 a
1348 2683 1439 2767 vigili

265 2786 410 2849 statione
434 2786 478 2848 ad
502 2787 588 2849 haec
619 2786 764 2870 aucupia
798 2786 940 2849 dimissis
972 2787 1167 2851 cohortibus
1198 2787 1296 2864 totis,
1332 2810 1442 2874 eoque

266 2893 406 2956 deliciae
430 2914 639 2978 processere,
665 2906 700 2956 ut
724 2894 794 2956 sine
819 2895 885 2956 hoc
919 2894 1140 2957 instrumento
1172 2894 1296 2957 durare
1320 2917 1364 2958 ne
1396 2896 1440 2957 vi-

264 3021 376 3064 rorum
401 3001 537 3085 quidem
562 3001 711 3064 cervices
734 3001 873 3085 possint.

354 3107 473 3171 XVIII
498 3113 550 3173 90.
575 3107 666 3171 Siser
690 3121 724 3171 et
748 3108 857 3192 ipsum
881 3106 1039 3171 Tiberius
1063 3108 1223 3192 princeps
1247 3108 1434 3173 nobilitavit

265 3213 423 3300 flagitans
447 3215 601 3278 omnibus
625 3217 720 3277 annis
744 3237 762 3278 e
787 3214 979 3278 Germania.

354 3320 532 3384 XXXVII
557 3327 594 3385 41
625 3322 680 3404 (de
705 3322 856 3404 electro).
881 3323 914 3384 in
940 3343 980 3384 ea
1004 3343 1051 3398 re,
1083 3342 1171 3406 quae
1196 3321 1322 3384 cotidie
1347 3323 1432 3385 inve-
1479 3342 1481 3347 ·

265 3429 365 3493 hatur
389 3441 422 3492 et
445 3428 605 3493 abundet.

355 3541 408 3601 43.
434 3537 588 3600 adfertur
619 3558 639 3599 a
663 3535 841 3599 Germanis
875 3536 905 3596 in
939 3534 1150 3598 Pannoniam
1183 3535 1330 3599 maxime
1362 3557 1447 3621 pro-

265 3643 410 3705 vinciam
435 3655 468 3705 et
494 3644 571 3707 inde
597 3643 720 3706 Veneti
745 3643 889 3726 primum
913 3643 1041 3705 lamam
1066 3643 1113 3704 rei
1137 3642 1253 3705 fecere
1278 3643 1474 3725 proximi*

266 3771 331 3835 que
356 3749 552 3813 Pannoniae
578 3764 611 3813 et
635 3762 777 3836 agentes
801 3750 892 3812 circa
916 3770 1008 3811 mare
1032 3748 1279 3812 Hadriaticum.

355 3862 407 3922 45.
445 3856 510 3920 DC
548 3880 590 3920 m.
631 3879 664 3941 p.
700 3857 773 3920 fere
818 3878 838 3919 a
873 3854 1048 3918 Carnunto
1084 3854 1281 3918 Pannoniae
1317 3855 1481 3919 abesse

265 3963 342 4027 litus
377 3964 411 4027 id
447 3963 666 4039 Germaniae,
703 3986 745 4026 ex
781 3983 848 4047 quo
884 3961 1069 4037 invehitur,
1114 3962 1355 4048 percognitum
1388 3968 1481 4026 est:

264 4092 382 4155 nuper.
429 4070 525 4133 Vidit
550 4092 653 4155 eques
677 4070 854 4132 Romanus
878 4067 923 4130 ad
947 4067 982 4130 id
1017 4068 1284 4152 comparandum
1318 4070 1438 4133 missus

265 4176 309 4240 ab
333 4177 466 4264 Juliano
491 4191 630 4241 curante
658 4176 897 4264 gladiatorium
930 4196 1050 4238 munus
1075 4173 1221 4239 Neronis
1256 4175 1437 4264 principis;
