2978 4988
745 366 965 430 ..36-

271 560 430 624 Oceanus
454 561 580 622 maiore
607 572 704 644 parte
734 560 827 621 navi-

269 680 368 752 gatus
399 679 449 729 est
473 667 631 750 auspiciis
661 666 728 729 divi
757 664 825 728 Au-

267 775 358 860 gusti
382 773 600 837 Germaniam
632 773 739 837 classe
763 773 825 836 cir-

268 893 446 945 cumvecta
508 882 552 944 ad
611 879 824 944 Cimbrorum

265 989 533 1073 promunturium
573 1002 606 1052 et
649 990 727 1052 inde
767 991 826 1051 im-

265 1119 381 1162 menso
421 1098 503 1159 mari
546 1108 728 1181 prospecto
767 1110 824 1160 aut

265 1206 357 1268 fama
383 1207 530 1292 cognito
560 1188 562 1190 ,

310 1346 339 1408 lI
364 1352 427 1412 246
454 1396 461 1410 .
487 1397 494 1410 .
521 1396 528 1410 .
555 1396 562 1409 .
588 1370 607 1410 a
639 1346 822 1411 Germania

264 1455 442 1517 immensas
460 1456 583 1517 insulas
607 1477 674 1516 non
690 1454 822 1538 pridem

264 1575 455 1646 compertas
491 1562 664 1647 cognitum
699 1561 820 1625 habe0.

308 1704 356 1766 IV
386 1710 426 1770 96
462 1754 468 1768 .
501 1753 508 1766 .
541 1757 547 1768 .
581 1727 676 1768 mons
707 1705 820 1770 Saevo

263 1814 442 1876 immensus
467 1813 645 1875 immanem
669 1813 714 1876 ad
730 1812 823 1877 Cim-

262 1919 397 1983 brorum
423 1941 529 2005 usque
554 1922 821 2004 promunturium

262 2027 368 2090 efficit
406 2028 532 2104 sinum,
567 2029 624 2112 qui
658 2027 820 2091 Codanus

262 2146 414 2210 vocatur,
431 2135 576 2197 refertus
593 2135 716 2210 insulis
739 2156 821 2218 qua-

262 2263 334 2303 rum
367 2240 549 2304 clarissima
589 2254 639 2304 est
679 2241 821 2305 Scandi-

263 2350 360 2412 navia
398 2349 617 2432 inconpertae
654 2350 822 2435 magnitu-

262 2457 357 2521 diuis.

308 2568 360 2630 97.
377 2565 645 2649 promunturium
666 2563 821 2628 Cimbro-

262 2695 335 2735 rum
352 2692 534 2735 excurrens
552 2672 585 2732 in
598 2673 702 2733 maria
719 2672 820 2757 longe

261 2778 493 2864 paeninsulam
519 2777 634 2840 elficit.

307 2922 425 2986 XXIII
467 2923 543 2986 inde
582 2922 709 2986 insulae
750 2922 821 2985 Ro-

263 3032 369 3093 manis
393 3033 493 3094 armis
511 3031 679 3115 cognitae,
705 3051 820 3092 earum

262 3135 819 3214 nobilissimaeBurcana-Fabaria,

263 3246 342 3307 item
389 3244 575 3318 Glaesaria,
616 3257 818 3330 praeterque

263 3351 420 3415 Actavia.

880 559 967 621 latos
990 559 1081 621 sinus
1110 570 1143 621 et
1176 559 1369 623 insularum
1390 561 1438 622 im-

881 687 996 728 mensa
1044 666 1154 748 spatia
1198 666 1437 750 complectens,

881 793 988 856 nuper
1047 773 1190 857 cognitis
1239 773 1438 858 quibusdam

880 877 1038 964 gentibus
1077 901 1118 942 ac
1157 879 1322 966 regibus,
1364 902 1439 966 quos

880 987 1003 1071 bellum
1029 989 1170 1072 aperuit.

924 1101 954 1160 2.
991 1098 1170 1160 immensus
1198 1097 1300 1173 ultra,
1342 1108 1440 1181 utque

878 1204 926 1266 sic
958 1203 1119 1279 dixerim,
1153 1204 1322 1267 adversus
1359 1203 1442 1267 Oce-

878 1333 961 1374 anus
996 1313 1079 1375 raris
1114 1311 1158 1376 ab
1202 1311 1286 1375 orbe
1328 1323 1440 1375 nostro

877 1418 1019 1482 navibus
1053 1420 1165 1482 aditur
1197 1468 1205 1483 .
1236 1467 1243 1482 .
1271 1468 1278 1483 .
1304 1432 1441 1503 praeter

876 1528 1062 1611 periculum
1095 1527 1221 1591 horridi
1265 1540 1300 1590 et
1336 1526 1440 1612 ignoti

876 1635 986 1698 maris.

922 1747 973 1806 34.
1013 1741 1111 1804 Frisii
1148 1790 1155 1805 .
1192 1789 1199 1804 .
1239 1789 1246 1803 .
1283 1740 1439 1805 ambiunt

876 1851 1056 1912 immensos
1080 1849 1173 1912 lacus
1207 1860 1241 1911 et
1273 1847 1440 1912 Romanis

877 1958 1039 2022 classibus
1090 1957 1280 2042 navigatos
1332 1958 1440 2041 ipsum

875 2066 956 2150 quin
1009 2066 1111 2128 etiam
1158 2063 1340 2128 Oceanum
1389 2064 1440 2126 illa

877 2173 1113 2256 temptavimus
1139 2219 1146 2234 .
1172 2219 1179 2234 .
1206 2219 1212 2232 .
1237 2191 1303 2234 nec
1329 2170 1441 2234 defuit

875 2280 1035 2368 audentia
1063 2278 1175 2342 Druso
1207 2276 1440 2342 Germanico:
1481 2342 1483 2347 ,

875 2387 936 2450 sed
971 2385 1100 2449 obstitit
1131 2384 1292 2448 Oceanus
1331 2386 1367 2448 in
1405 2407 1440 2449 se

876 2494 984 2577 (simul
1024 2506 1126 2578 atque
1167 2493 1199 2554 in
1239 2490 1440 2576 Herculem)

875 2603 1010 2686 inquiri;
1036 2623 1113 2664 mox
1131 2621 1229 2663 nemo
1247 2603 1407 2665 tentavit.

921 2714 972 2773 35.
986 2711 1019 2770 in
1030 2708 1295 2792 septentrionem
1308 2708 1442 2793 ingenti

874 2817 965 2880 flexu
990 2817 1076 2879 redit
1101 2815 1323 2898 (Germania).

921 2931 972 2991 37.
1029 2924 1175 2987 eundem
1230 2921 1441 2987 Germaniae

875 3034 981 3095 sinum
1006 3031 1151 3116 proximi
1176 3029 1319 3094 Oceano
1346 3029 1442 3094 Cim-

875 3140 925 3203 bri
951 3151 1074 3202 tenent.

351 3475 446 3538 Bello
471 3478 638 3561 armisque
663 3477 814 3540 Iocorum
847 3479 1085 3563 hominumque
1119 3476 1271 3539 notitiam
1300 3489 1440 3559 partam

263 3604 336 3646 esse
362 3603 438 3646 cum
464 3596 604 3668 uterque
630 3584 732 3658 dicat,
750 3586 857 3649 conici
883 3586 971 3661 licet,
988 3585 1149 3647 Tacitum
1173 3585 1257 3646 haec
1281 3581 1439 3647 hausisse

262 3691 472 3774 potissimum
497 3714 539 3754 ex
564 3690 661 3754 Plinii
689 3691 803 3769 „hellis
827 3692 1065 3766 Germaniae“‚
1098 3690 1154 3754 uhi
1186 3687 1439 3772 expeditiones,

263 3819 346 3882 quas
370 3797 501 3861 Drusus
525 3820 613 3861 anno
637 3822 657 3861 a
682 3798 762 3862 Chr.
792 3805 840 3864 12.
866 3800 965 3882 (Tac.
990 3798 1032 3862 G.
1059 3802 1128 3874 34),
1162 3808 1195 3859 et
1229 3808 1352 3880 postea
1378 3797 1442 3860 Ti-

263 3905 374 3968 berius
410 3927 498 3967 anno
533 3928 566 3989 p.
601 3905 680 3969 Chr.
718 3928 748 3967 u.
789 3912 830 3982 4.,
865 3906 1088 3969 Germanicus
1124 3927 1154 3967 a.
1182 3908 1232 3968 15.
1258 3923 1366 3988 usque
1394 3905 1442 3968 ad

263 4012 376 4075 Albim
402 4012 526 4075 flumen
551 4012 713 4075 classibus
738 4013 902 4087 fecerant,
920 4013 1112 4096 descriptae
1137 4022 1243 4074 eraut.
1270 4009 1441 4074 Ceterum

262 4117 388 4183 Plinius
413 4120 517 4182 multo
542 4119 733 4182 accuratius
757 4120 800 4181 de
825 4118 924 4182 rebus
959 4119 1114 4203 loquitur,
1146 4139 1248 4203 quam
1279 4116 1443 4195 Tacitus

263 4227 320 4311 qui
355 4228 387 4289 in
422 4228 613 4290 universum
648 4227 735 4290 latos
770 4226 872 4304 sinus,
907 4227 1080 4312 ingentem
1109 4225 1244 4301 flexum,
1269 4224 1441 4294 immensa
