2978 4988
743 366 963 430 ..10-

269 568 383 622 autem
407 581 428 623 a
452 558 565 623 Taciti
601 559 748 645 ingenio,
785 559 878 645 quod
912 559 1047 637 Strabo,
1082 571 1119 624 ut
1153 561 1320 625 Romanis
1360 583 1444 646 opus

268 688 364 729 suum
387 665 560 751 probaret,
584 667 824 751 imperatorum
848 666 1081 731 Romanorum
1113 668 1229 731 laudes
1263 668 1444 732 celebrans

269 773 384 837 clades
399 773 632 837 Romanorum
649 796 716 837 non
733 774 911 838 virtutibus
924 773 1182 851 Germanorum,
1199 777 1260 839 sed
1276 776 1444 860 perfidiae

269 879 384 944 tribuit
397 882 418 943 1.

363 986 486 1051 Similis
512 999 562 1051 est
586 989 619 1051 in
643 989 708 1053 hac
736 1011 771 1052 re
796 988 956 1053 Straboni
992 988 1129 1054 Velleius
1152 989 1366 1052 Paterculus.
1416 990 1445 1053 Is

269 1094 357 1157 enim
382 1116 424 1157 ex
449 1117 490 1158 eo
514 1117 653 1159 numero
678 1097 880 1181 scriptorum
904 1097 1138 1163 Romanorum
1162 1108 1223 1174 est,
1255 1098 1323 1182 qui,
1351 1098 1445 1182 quod

268 1211 339 1264 tum
375 1202 408 1264 in
443 1222 572 1266 morem
607 1215 773 1280 verterat,
807 1203 1066 1289 imperatoribus
1096 1203 1285 1268 Germanos
1314 1204 1445 1267 frustra

269 1308 545 1393 impugnantibus
581 1311 773 1387 adulantes,
819 1310 996 1374 virtutibus
1035 1308 1284 1373 Germanorum
1324 1312 1445 1374 celatis

269 1415 439 1480 feritatem
452 1429 703 1503 exaggerantes
722 1430 800 1496 „aut
816 1418 913 1480 victis
933 1439 995 1501 per
1017 1415 1198 1480 ludibrium
1224 1416 1443 1493 insultabant,

268 1535 326 1585 aut
360 1523 441 1587 victi
474 1546 542 1588 non
573 1545 669 1587 suam
700 1524 880 1609 ignaviam,
906 1524 968 1587 sed
991 1522 1239 1587 Germanorum
1263 1524 1444 1606 perfidiam

267 1629 450 1715 culpabant
461 1636 503 1697 2.“

358 1736 510 1801 Velleius
533 1750 715 1824 postquam
732 1740 880 1803 Drusum
899 1761 1043 1825 „magna
1065 1761 1107 1802 ex
1124 1750 1221 1822 parte
1239 1738 1443 1801 domitorem

268 1843 473 1908 Germaniae
516 1846 660 1930 plurimo
696 1848 767 1910 eius
813 1847 924 1932 gentis
959 1847 1059 1910 variis
1095 1847 1127 1909 in
1173 1845 1256 1908 locis
1297 1846 1443 1929 profuso

269 1953 452 2038 sanguine“
480 1965 514 2015 et
538 1951 714 2016 Tiberium
735 1966 972 2039 „peragratum
997 1955 1160 2016 victorem
1185 1973 1300 2015 omnes
1324 1964 1443 2035 partes

269 2057 473 2122 Germaniae
512 2060 560 2122 sic
600 2060 832 2144 perdomuisse
872 2081 962 2136 eam,
1001 2071 1037 2123 ut
1072 2061 1105 2122 in
1145 2060 1290 2122 formam
1330 2080 1443 2142 paene

268 2166 509 2250 stipendiariae
533 2167 704 2251 redigeret
728 2167 941 2251 provinciae“
969 2165 1013 2248 (II
1038 2169 1092 2248 97)
1116 2165 1340 2250 praedicavit,
1358 2166 1444 2228 mul-

268 2285 370 2357 taque
407 2273 449 2336 de
485 2294 520 2336 se
556 2274 629 2358 ipse
660 2273 824 2358 gloriatus
860 2286 910 2337 est
946 2271 998 2356 (ll.
1038 2276 1124 2355 104),
1161 2272 1397 2357 expeditiones
1423 2295 1444 2335 a

269 2378 408 2443 Tiberio
433 2381 528 2443 annis
551 2403 584 2466 p.
610 2380 691 2445 Chr.
717 2403 747 2444 n.
773 2386 803 2445 4.
829 2393 863 2445 et
891 2385 920 2446 5.
938 2381 1049 2444 factas
1067 2402 1196 2443 summa
1213 2400 1288 2442 cum
1312 2378 1443 2441 Tiberii

269 2486 425 2551 Caesaris
441 2488 695 2572 praedicatione
711 2500 744 2551 et
755 2488 958 2564 adulatione,
972 2489 1032 2551 sed
1045 2500 1139 2550 tanta
1152 2508 1262 2548 rerum
1277 2486 1443 2548 tenuitate

267 2592 428 2657 describit
462 2593 507 2677 (ΙΙ
542 2598 739 2677 loo—109),
771 2606 808 2658 ut
841 2595 1001 2658 Tacitum
1042 2617 1085 2658 ex
1116 2594 1255 2656 aliorum
1296 2591 1442 2673 (Aufidii

268 2699 365 2764 Bassi
390 2713 423 2763 et
447 2700 533 2764 Plini
557 2702 710 2784 Maioris)
735 2701 827 2765 libris
853 2703 989 2766 easdem
1026 2725 1079 2765 res
1112 2700 1216 2763 multo
1249 2700 1443 2762 accuratius
1483 2720 1485 2725 ·

269 2820 303 2870 et
326 2806 462 2871 uberius
486 2808 675 2894 descriptas
699 2809 832 2872 haurire
856 2811 1006 2894 potuisse
1030 2811 1100 2873 sine
1131 2808 1197 2870 ulla
1229 2805 1442 2869 dubitatione

269 2914 382 2977 dicere
417 2915 593 3000 possimus.
644 2915 792 3001 Koepke
829 2918 962 2981 confert
1000 2918 1113 2981 Taciti
1148 2915 1251 2979 verba
1288 2917 1329 2997 (c.
1367 2918 1441 2996 42):

272 3021 394 3105 „Juxta
429 3022 686 3087 Hermunduros
721 3023 850 3087 Varisti
892 3046 933 3087 ac
977 3025 1098 3087 deinde
1136 3021 1369 3085 Marcomanni
1409 3034 1442 3083 et

269 3126 385 3206 Quadi
409 3142 525 3214 agunt.
551 3178 558 3194 .
584 3180 592 3195 .
618 3151 726 3215 eaque
751 3130 956 3195 Germaniae
991 3131 1081 3192 velut
1116 3131 1210 3191 frons
1247 3133 1327 3203 est,“
1363 3147 1442 3190 cum

267 3236 318 3298 his
354 3235 464 3300 Vellei
499 3236 611 3302 verbis
647 3237 689 3323 (ΙΙ
726 3240 818 3320 109);
854 3236 1136 3320 (Maroboduus)
1162 3249 1235 3298 erat
1259 3234 1441 3309 timendus,

268 3363 345 3406 cum
362 3342 580 3408 Germaniam
603 3346 649 3409 ad
672 3346 804 3409 laevam
829 3359 863 3409 et
886 3347 919 3408 in
944 3346 1056 3408 fronte
1081 3343 1251 3407 haberet.“
1288 3341 1357 3405 Sed
1374 3342 1441 3403 hoc
1483 3382 1485 3437 3

268 3472 335 3514 uno
360 3450 446 3527 loco,
471 3452 504 3514 in
527 3474 595 3542 quo
620 3454 700 3516 nihil
724 3474 901 3517 commune
927 3465 988 3527 est,
1005 3453 1065 3514 nisi
1084 3450 1285 3513 vocabulum
1306 3448 1437 3526 „frons“

268 3558 430 3621 translata
462 3558 707 3644 significatione
742 3571 951 3644 usurpatum,
981 3579 1049 3622 non
1079 3555 1244 3642 probatur
1278 3556 1441 3618 Tacitum

267 3663 379 3727 Vellei
402 3664 630 3750 descriptione
661 3689 758 3730 usum
789 3687 873 3729 esse.
920 3664 956 3729 Si
989 3685 1068 3727 usus
1092 3676 1191 3736 esset,
1217 3684 1259 3724 ex
1284 3684 1324 3724 ea
1357 3683 1442 3747 cog-

268 3792 408 3834 noscere
422 3773 542 3857 potuit‚
556 3773 691 3853 „Albim
705 3773 829 3836 flumen
839 3752 1045 3836 Semnonum
1055 3769 1440 3853 Hermundurorumque

359 3968 367 3997 ¹
397 3971 449 4020 VH
473 3972 539 4022 291:
575 3974 642 4041 Τρία
665 3963 793 4040 τάγματα
817 3965 957 4039 Ῥοψαίων
982 3961 1051 4039 μετὰ
1076 3967 1127 4018 τοῦ
1152 3966 1305 4038 στρατηγοῦ
1329 3957 1443 4034 Οὐάρου

269 4061 460 4111 Κουιντιλλίοο
486 4057 748 4132 παρασπονδστέντα
774 4051 907 4110 ἀπώλετο.
939 4058 1031 4109 ἔτισαν
1057 4055 1087 4108 dl
1126 4055 1204 4112 δίκας
1229 4060 1273 4106 καὶ
1300 4058 1444 4124 παρέσχον

272 4149 427 4222 Γερμανικῴ
445 4140 640 4220 λαμπρότατον
659 4151 807 4219 θρίαμβον.

359 4237 369 4266 ²
389 4240 457 4289 Tac.
476 4239 548 4288 Hist.
565 4237 606 4286 IV
626 4238 668 4288 at.
