2978 4988
740 400 959 463 ..63-

269 573 420 640 locorum
445 576 690 660 descriptiones
714 576 863 654 exhibet,
887 589 923 639 ut
956 577 999 641 de
1033 597 1138 662 specu
1172 576 1327 667 Corycio
1352 578 1366 642 Ι
1389 584 1433 656 72,

267 683 310 748 de
336 683 397 747 Ida
421 683 573 746 montel
598 686 650 760 94,
676 683 718 747 de
744 683 909 772 Aegypto
934 684 948 747 Ι
973 690 1025 762 57,
1050 685 1093 748 de
1115 684 1294 749 Britannia
1320 685 1433 752 11149.

354 789 476 853 Livius
499 790 655 876 denique,
673 783 766 854 cuius
790 790 846 854 lib.
874 795 935 856 104
957 793 1074 872 „situm
1091 772 1298 857 Germaniae
1317 815 1437 858 mores-

265 903 350 983 que“
378 896 584 974 continebat,
610 910 732 961 terram
758 898 829 982 ipse
855 920 920 962 non
946 900 1086 963 viderat.

356 1005 469 1069 Taciti
493 1006 596 1090 ipsius
620 1017 733 1068 aetate
758 1006 822 1068 luit
846 1004 1221 1090 DzoCarysostomus,1
1246 1009 1305 1093 qui
1330 1031 1434 1094 aeque

267 1125 370 1198 atque
395 1112 448 1175 ille
472 1113 623 1199 gentium
647 1112 849 1176 incultarum
872 1113 1087 1198 simplicitate
1117 1115 1206 1177 vitae
1239 1137 1436 1202 morumque

270 1221 465 1306 integritate
491 1217 661 1306 (γενναίοις
683 1245 717 1285 τε
740 1219 795 1286 καὶ
821 1215 943 1299 ἁπλοῖς
967 1213 1083 1310 ἤθεσιν
1107 1220 1166 1284 Or.
1192 1220 1219 1304 Ι)
1244 1221 1438 1286 delectaba-

266 1339 330 1391 tur.
377 1326 495 1412 ltaque
520 1348 586 1390 non
611 1327 717 1390 solum
743 1327 785 1390 de
810 1326 917 1405 Getis,
935 1350 1019 1413 quos
1043 1329 1115 1412 ipse
1133 1328 1276 1405 adierat,
1294 1331 1436 1415 scripsit,

267 1434 328 1498 sed
367 1434 507 1497 aliarum
547 1455 682 1519 quoque
726 1447 931 1498 remotarum
969 1435 1237 1520 incultarumque
1286 1438 1435 1522 gentium

266 1541 373 1605 terras
397 1563 576 1626 moresque
600 1541 717 1605 litteris
733 1542 920 1619 illustravit,
937 1554 974 1605 ut
991 1541 1165 1606 Celtarum
1182 1563 1303 1628 regum
1319 1556 1435 1627 poten-

266 1649 346 1712 tiam
385 1671 447 1733 per
481 1649 619 1712 druidas
650 1649 856 1713 imminutam
882 1648 955 1733 (Or.
981 1652 1053 1732 49),
1082 1647 1247 1712 Afrorum
1279 1651 1433 1714 vestitum

267 1755 342 1838 (Or.
374 1758 449 1841 72);
474 1756 610 1819 disserit
633 1756 676 1819 de
708 1757 963 1840 elephantorum
990 1756 1157 1841 capitibus
1189 1757 1354 1821 aedificiis
1387 1756 1434 1820 ln-

264 1862 384 1927 dorum
407 1864 538 1927 insertis
556 1863 627 1945 (Or.
653 1866 718 1945 79),
736 1864 778 1926 de
803 1862 1065 1927 brahmanorum
1080 1864 1245 1949 sapientia
1263 1864 1338 1946 (Or.
1366 1867 1432 1946 79);

268 1970 430 2034 describit
454 1970 544 2033 idem
568 1970 659 2055 quod
684 1970 827 2034 Tacitus
851 1971 927 2033 litus
951 1970 1166 2048 Germaniae,
1194 1970 1253 2035 ubi
1284 1972 1433 2035 sucinum

266 2076 454 2163 colligatur,
479 2077 571 2162 quod
595 2090 696 2140 antea
719 2079 832 2162 pueris
856 2078 940 2141 lusui
966 2079 1078 2142 fuerit.
1104 2078 1177 2160 (Or.
1204 2081 1268 2161 79).

353 2184 458 2248 Haud
481 2185 528 2248 ita
552 2185 656 2248 multo
680 2198 757 2269 post
781 2185 894 2248 Taciti
918 2198 1067 2249 aetatem
1090 2184 1265 2249 Arrtunus
1288 2185 1447 2249 libellum

264 2292 398 2376 scripsit
420 2287 536 2381 Ἰνδική
559 2293 616 2377 qui
640 2292 831 2356 inscribitur
855 2305 889 2355 et
911 2293 1183 2377 supplementum
1208 2305 1259 2356 est
1284 2293 1447 2356 eiusdem

261 2392 467 2484 Ἀναβάσεως
489 2393 707 2485 Ἀλεξάνδρον.
740 2398 803 2462 Est
827 2412 940 2463 autem
964 2398 1099 2463 Arriani
1124 2399 1167 2462 de
1184 2398 1281 2462 india
1305 2397 1464 2462 libellus

263 2527 401 2590 prorsus
425 2506 546 2569 eodem
571 2507 673 2569 modo
698 2508 918 2591 compositus,
942 2529 1009 2592 quo
1034 2507 1147 2570 Taciti
1171 2506 1214 2569 de
1239 2505 1447 2569 Germania.

264 2610 367 2676 Nullo
391 2613 565 2697 prooemio
589 2614 787 2696 praemisso,
805 2614 838 2677 id
857 2614 948 2698 quod
973 2615 1005 2676 in
1029 2614 1143 2677 Taciti
1166 2635 1303 2699 quoque
1325 2612 1453 2677 libello

263 2719 357 2783 multi
374 2720 661 2795 desideraverunt,
678 2721 789 2804 priore
806 2733 903 2805 parte
922 2721 967 2802 (c.
984 2722 1115 2804 1-17.)
1133 2721 1175 2784 de
1192 2720 1355 2784 Indorum
1372 2722 1443 2785 situ

264 2838 297 2889 et
321 2824 480 2903 moribus,
505 2827 548 2890 de
572 2827 672 2890 variis
702 2828 874 2890 hominum
905 2827 1103 2914 generibuS,
1128 2828 1171 2891 de
1196 2827 1371 2905 aedificiis,
1396 2829 1440 2892 de

264 2934 458 3010 venatione,
483 2934 525 2997 de
549 2935 759 2997 vestimentis
782 2936 961 3020 armisque,
979 2935 1021 2998 de
1045 2935 1275 3010 matrimoniis
1293 2934 1336 2998 de
1354 2934 1439 2999 cibis

262 3040 383 3126 agitur.
443 3039 666 3105 Concluditur
707 3044 792 3106 haec
832 3042 1014 3127 descriptio
1049 3040 1180 3105 verbis:
1221 3040 1345 3120 ‚moini
1379 3069 1435 3127 μοι

261 3141 391 3236 ἀπόχρη
416 3150 621 3237 δεδηλῶσθαι
648 3143 732 3234 νπὲρ
754 3144 867 3227 Ἰνδῶν,
892 3145 954 3213 ὅσα
977 3147 1209 3235 γνωριμώιιννα
1233 3147 1379 3233 Νέαρχος
1402 3175 1436 3216 τε

260 3254 317 3320 καὶ
353 3256 572 3345 Μεγασθένης
596 3251 859 3343 ἅνεγραψάνηνίι,
895 3269 931 3319 ut
967 3256 1110 3320 Tacitus
1145 3256 1292 3340 priorem
1332 3254 1436 3319 libelli

259 3373 394 3447 partem
418 3362 588 3425 concludit
612 3361 741 3425 verbis:
781 3363 897 3442 „Haec
933 3364 966 3426 in
998 3385 1175 3427 commune
1208 3362 1251 3426 de
1284 3363 1436 3427 omnium

262 3466 509 3532 Germanorum
535 3469 665 3554 origine
689 3491 730 3533 ac
755 3469 902 3533 moribus
926 3471 1149 3555 accepimus.“
1191 3467 1312 3531 Altera
1336 3481 1436 3554 parte

265 3573 369 3639 libelli
394 3574 558 3639 Arrianus
582 3575 732 3640 Nearchi
764 3590 900 3641 secutus
933 3576 1196 3662 descriptionem
1226 3575 1326 3638 huius
1358 3575 1437 3640 inde

262 3681 306 3746 ab
325 3680 400 3745 Indi
418 3682 510 3745 ostiis
527 3695 663 3767 praeter
679 3704 773 3746 oram
785 3685 985 3747 maritimam
1002 3685 1034 3747 in
1048 3684 1170 3747 Persas
1181 3683 1436 3767 navigationem

261 3788 459 3875 descripsit3
493 3789 732 3854 describuntur
768 3804 881 3855 autem
913 3793 978 3855 hac
1009 3805 1106 3878 parte
1138 3791 1212 3853 loca
1247 3803 1280 3853 et
1312 3805 1436 3876 gentes

260 3896 424 3983 singulae,
449 3918 532 3982 quas
557 3899 639 3961 adiit
663 3898 852 3963 Nearchus.
899 3899 1084 3964 Adduntur
1117 3901 1158 3981 (c.
1185 3901 1239 3981 43)
1272 3898 1435 3962 nonnulla

260 3996 304 4067 de
328 4002 458 4068 Arabia
483 4017 516 4068 et
541 4003 675 4082 Africa,
698 4019 735 4068 ut
758 4029 778 4069 a
802 4006 926 4070 Tacito
951 4009 993 4089 (c.
1020 4009 1075 4089 46)
1093 4003 1322 4091 degentibus,
1348 4025 1434 4089 quas

260 4108 439 4175 Germanis
463 4133 506 4175 an
530 4111 694 4177 Sarmatis
717 4114 890 4179 adscribat
913 4114 1057 4179 dubitat.

352 4270 360 4300 ¹
379 4274 412 4323 H.
433 4274 535 4339 Haupt,
555 4274 719 4340 Philologus
739 4277 772 4325 43
791 4292 817 4339 p.
838 4278 889 4325 403
909 4291 967 4340 sqq.
