<?xml version="1.0" encoding="UTF-8"?>
<!DOCTYPE html PUBLIC "-//W3C//DTD XHTML 1.0 Transitional//EN"
    "http://www.w3.org/TR/xhtml1/DTD/xhtml1-transitional.dtd">
<html xmlns="http://www.w3.org/1999/xhtml" xml:lang="en" lang="en">
 <head>
  <title>
</title>
<meta http-equiv="Content-Type" content="text/html;charset=utf-8" />
  <meta name='ocr-system' content='tesseract 3.04.00' />
  <meta name='ocr-capabilities' content='ocr_page ocr_carea ocr_par ocr_line ocrx_word'/>
</head>
<body>
  <div class='ocr_page' id='page_1' title='image "./degermaniaequae00lcgoog_0052.png"; bbox 0 0 2994 4988; ppageno 0'>
   <div class='ocr_carea' id='block_1_1' title="bbox 734 393 955 458">
    <p class='ocr_par' dir='ltr' id='par_1_1' title="bbox 734 393 955 458">
     <span class='ocr_line' id='line_1_1' title="bbox 734 393 955 458; baseline 0.009 -20"><span class='ocrx_word' id='word_1_1' title='bbox 734 393 955 458; x_wconf 76' lang='lat' dir='ltr'><strong>-4g..</strong></span> 
     </span>
    </p>
   </div>
   <div class='ocr_carea' id='block_1_2' title="bbox 254 587 1409 994">
    <p class='ocr_par' dir='ltr' id='par_1_2' title="bbox 254 587 1409 994">
     <span class='ocr_line' id='line_1_2' title="bbox 256 587 1403 652; baseline 0.001 -1"><span class='ocrx_word' id='word_1_2' title='bbox 256 588 388 652; x_wconf 89' lang='lat' dir='ltr'>addit.1</span> <span class='ocrx_word' id='word_1_3' title='bbox 434 587 521 651; x_wconf 90' lang='lat' dir='ltr'>Cum</span> <span class='ocrx_word' id='word_1_4' title='bbox 546 609 627 651; x_wconf 89' lang='lat' dir='ltr'>vero</span> <span class='ocrx_word' id='word_1_5' title='bbox 658 588 702 651; x_wconf 90' lang='lat' dir='ltr'>ad</span> <span class='ocrx_word' id='word_1_6' title='bbox 736 609 805 650; x_wconf 87' lang='lat' dir='ltr'>rem</span> <span class='ocrx_word' id='word_1_7' title='bbox 839 588 1070 651; x_wconf 81' lang='lat' dir='ltr'>illustrandam</span> <span class='ocrx_word' id='word_1_8' title='bbox 1095 588 1239 652; x_wconf 79' lang='lat' dir='ltr'>Tacitus</span> <span class='ocrx_word' id='word_1_9' title='bbox 1270 601 1403 652; x_wconf 88' lang='lat' dir='ltr'>naturam</span> 
     </span>
     <span class='ocr_line' id='line_1_3' title="bbox 256 694 1405 780; baseline -0.001 -22"><span class='ocrx_word' id='word_1_10' title='bbox 256 695 488 780; x_wconf 81' lang='lat' dir='ltr'>originemque</span> <span class='ocrx_word' id='word_1_11' title='bbox 512 696 618 758; x_wconf 89' lang='lat' dir='ltr'>sucini</span> <span class='ocrx_word' id='word_1_12' title='bbox 643 695 896 758; x_wconf 89' lang='lat' dir='ltr'>commemorati</span> <span class='ocrx_word' id='word_1_13' title='bbox 913 694 1069 758; x_wconf 88' lang='lat' dir='ltr'>docuisse</span> <span class='ocrx_word' id='word_1_14' title='bbox 1092 695 1173 758; x_wconf 89' lang='lat' dir='ltr'>satis</span> <span class='ocrx_word' id='word_1_15' title='bbox 1190 716 1265 759; x_wconf 90' lang='lat' dir='ltr'>esse</span> <span class='ocrx_word' id='word_1_16' title='bbox 1282 707 1405 780; x_wconf 88' lang='lat' dir='ltr'>putaret,</span> 
     </span>
     <span class='ocr_line' id='line_1_4' title="bbox 256 801 1408 888; baseline 0 -24"><span class='ocrx_word' id='word_1_17' title='bbox 256 803 377 879; x_wconf 90' lang='lat' dir='ltr'>omisit,</span> <span class='ocrx_word' id='word_1_18' title='bbox 402 823 489 886; x_wconf 90' lang='lat' dir='ltr'>quae</span> <span class='ocrx_word' id='word_1_19' title='bbox 515 802 557 865; x_wconf 92' lang='lat' dir='ltr'>de</span> <span class='ocrx_word' id='word_1_20' title='bbox 583 803 683 865; x_wconf 91' lang='lat' dir='ltr'>variis</span> <span class='ocrx_word' id='word_1_21' title='bbox 708 803 778 864; x_wconf 91' lang='lat' dir='ltr'>eius</span> <span class='ocrx_word' id='word_1_22' title='bbox 801 801 983 888; x_wconf 87' lang='lat' dir='ltr'>generibus</span> <span class='ocrx_word' id='word_1_23' title='bbox 1015 803 1176 886; x_wconf 88' lang='lat' dir='ltr'>varioque</span> <span class='ocrx_word' id='word_1_24' title='bbox 1214 824 1278 865; x_wconf 91' lang='lat' dir='ltr'>usu</span> <span class='ocrx_word' id='word_1_25' title='bbox 1301 801 1408 865; x_wconf 89' lang='lat' dir='ltr'>Plinius</span> 
     </span>
     <span class='ocr_line' id='line_1_5' title="bbox 254 907 1409 994; baseline 0 -23"><span class='ocrx_word' id='word_1_26' title='bbox 254 909 357 972; x_wconf 90' lang='lat' dir='ltr'>tradit</span> <span class='ocrx_word' id='word_1_27' title='bbox 382 907 573 990; x_wconf 84' lang='lat' dir='ltr'>(XXXVII</span> <span class='ocrx_word' id='word_1_28' title='bbox 599 913 638 972; x_wconf 77' lang='lat'>47</span> <span class='ocrx_word' id='word_1_29' title='bbox 665 910 763 994; x_wconf 84' lang='lat' dir='ltr'>sqq),</span> <span class='ocrx_word' id='word_1_30' title='bbox 781 910 907 994; x_wconf 86' lang='lat' dir='ltr'>quippe</span> <span class='ocrx_word' id='word_1_31' title='bbox 924 931 1011 994; x_wconf 90' lang='lat' dir='ltr'>quae</span> <span class='ocrx_word' id='word_1_32' title='bbox 1036 910 1080 973; x_wconf 92' lang='lat' dir='ltr'>ad</span> <span class='ocrx_word' id='word_1_33' title='bbox 1097 909 1341 987; x_wconf 87' lang='lat' dir='ltr'>Romanorum,</span> <span class='ocrx_word' id='word_1_34' title='bbox 1356 929 1409 972; x_wconf 91' lang='lat' dir='ltr'>non</span> 
     </span>
    </p>
   </div>
   <div class='ocr_carea' id='block_1_3' title="bbox 255 1014 955 1099">
    <p class='ocr_par' dir='ltr' id='par_1_3' title="bbox 255 1014 955 1099">
     <span class='ocr_line' id='line_1_6' title="bbox 255 1014 955 1099; baseline -0.001 -20"><span class='ocrx_word' id='word_1_35' title='bbox 255 1016 300 1079; x_wconf 92' lang='lat' dir='ltr'>ad</span> <span class='ocrx_word' id='word_1_36' title='bbox 333 1014 581 1079; x_wconf 87' lang='lat' dir='ltr'>Germanorum</span> <span class='ocrx_word' id='word_1_37' title='bbox 606 1036 715 1079; x_wconf 90' lang='lat' dir='ltr'>mores</span> <span class='ocrx_word' id='word_1_38' title='bbox 739 1016 955 1099; x_wconf 85' lang='lat' dir='ltr'>pertinerent.</span> 
     </span>
    </p>
   </div>
   <div class='ocr_carea' id='block_1_4' title="bbox 254 1227 1477 3778">
    <p class='ocr_par' dir='ltr' id='par_1_4' title="bbox 255 1227 1416 2044">
     <span class='ocr_line' id='line_1_7' title="bbox 344 1227 1414 1313; baseline 0.003 -23"><span class='ocrx_word' id='word_1_39' title='bbox 344 1227 407 1291; x_wconf 93' lang='lat' dir='ltr'>Est</span> <span class='ocrx_word' id='word_1_40' title='bbox 443 1228 563 1291; x_wconf 91' lang='lat' dir='ltr'>eadem</span> <span class='ocrx_word' id='word_1_41' title='bbox 597 1229 652 1291; x_wconf 92' lang='lat' dir='ltr'>illa</span> <span class='ocrx_word' id='word_1_42' title='bbox 687 1229 784 1305; x_wconf 90' lang='lat' dir='ltr'>rati0,</span> <span class='ocrx_word' id='word_1_43' title='bbox 820 1251 887 1313; x_wconf 92' lang='lat' dir='ltr'>qua</span> <span class='ocrx_word' id='word_1_44' title='bbox 923 1228 1081 1292; x_wconf 83' lang='lat' dir='ltr'>Caesaris</span> <span class='ocrx_word' id='word_1_45' title='bbox 1116 1229 1230 1293; x_wconf 92' lang='lat' dir='ltr'>verbis</span> <span class='ocrx_word' id='word_1_46' title='bbox 1268 1228 1414 1312; x_wconf 80' lang='lat' dir='ltr'><strong>(V1124)</strong></span> 
     </span>
     <span class='ocr_line' id='line_1_8' title="bbox 255 1334 1415 1421; baseline -0.001 -23"><span class='ocrx_word' id='word_1_47' title='bbox 255 1336 413 1399; x_wconf 91' lang='lat' dir='ltr'>Tacitum</span> <span class='ocrx_word' id='word_1_48' title='bbox 446 1338 488 1417; x_wconf 83' lang='lat' dir='ltr'>(c.</span> <span class='ocrx_word' id='word_1_49' title='bbox 516 1337 570 1416; x_wconf 82' lang='lat'>28)</span> <span class='ocrx_word' id='word_1_50' title='bbox 603 1357 699 1398; x_wconf 92' lang='lat' dir='ltr'>usum</span> <span class='ocrx_word' id='word_1_51' title='bbox 732 1356 805 1398; x_wconf 90' lang='lat' dir='ltr'>esse</span> <span class='ocrx_word' id='word_1_52' title='bbox 837 1335 998 1398; x_wconf 91' lang='lat' dir='ltr'>vidimus:</span> <span class='ocrx_word' id='word_1_53' title='bbox 1030 1334 1120 1398; x_wconf 90' lang='lat' dir='ltr'>Rem</span> <span class='ocrx_word' id='word_1_54' title='bbox 1153 1337 1262 1420; x_wconf 85' lang='lat' dir='ltr'>ipsam</span> <span class='ocrx_word' id='word_1_55' title='bbox 1288 1337 1415 1421; x_wconf 86' lang='lat' dir='ltr'>exponit</span> 
     </span>
     <span class='ocr_line' id='line_1_9' title="bbox 255 1441 1415 1526; baseline -0.002 -20"><span class='ocrx_word' id='word_1_56' title='bbox 255 1454 429 1506; x_wconf 87' lang='lat' dir='ltr'>auctorem</span> <span class='ocrx_word' id='word_1_57' title='bbox 465 1455 619 1518; x_wconf 90' lang='lat' dir='ltr'>secutus,</span> <span class='ocrx_word' id='word_1_58' title='bbox 655 1464 793 1505; x_wconf 90' lang='lat' dir='ltr'>causam</span> <span class='ocrx_word' id='word_1_59' title='bbox 829 1442 877 1504; x_wconf 89' lang='lat' dir='ltr'>rei</span> <span class='ocrx_word' id='word_1_60' title='bbox 922 1442 1101 1526; x_wconf 91' lang='lat' dir='ltr'>locumque</span> <span class='ocrx_word' id='word_1_61' title='bbox 1133 1441 1191 1505; x_wconf 94' lang='lat' dir='ltr'>ubi</span> <span class='ocrx_word' id='word_1_62' title='bbox 1227 1443 1415 1519; x_wconf 89' lang='lat' dir='ltr'>inveniatur,</span> 
     </span>
     <span class='ocr_line' id='line_1_10' title="bbox 255 1549 1416 1636; baseline 0.001 -23"><span class='ocrx_word' id='word_1_63' title='bbox 255 1551 446 1613; x_wconf 85' lang='lat' dir='ltr'>accuratius</span> <span class='ocrx_word' id='word_1_64' title='bbox 473 1549 644 1628; x_wconf 85' lang='lat' dir='ltr'>describit,</span> <span class='ocrx_word' id='word_1_65' title='bbox 669 1551 792 1613; x_wconf 89' lang='lat' dir='ltr'>omittit</span> <span class='ocrx_word' id='word_1_66' title='bbox 823 1571 910 1635; x_wconf 88' lang='lat' dir='ltr'>quae</span> <span class='ocrx_word' id='word_1_67' title='bbox 936 1549 1044 1613; x_wconf 90' lang='lat' dir='ltr'>aliena</span> <span class='ocrx_word' id='word_1_68' title='bbox 1073 1562 1149 1613; x_wconf 90' lang='lat' dir='ltr'>sunt</span> <span class='ocrx_word' id='word_1_69' title='bbox 1184 1571 1205 1612; x_wconf 93' lang='lat' dir='ltr'>a</span> <span class='ocrx_word' id='word_1_70' title='bbox 1242 1552 1416 1636; x_wconf 87' lang='lat' dir='ltr'>proposito.</span> 
     </span>
     <span class='ocr_line' id='line_1_11' title="bbox 255 1657 1416 1735; baseline -0.002 -15"><span class='ocrx_word' id='word_1_71' title='bbox 255 1657 331 1721; x_wconf 93' lang='lat' dir='ltr'>Hac</span> <span class='ocrx_word' id='word_1_72' title='bbox 356 1658 388 1719; x_wconf 92' lang='lat' dir='ltr'>in</span> <span class='ocrx_word' id='word_1_73' title='bbox 412 1659 604 1720; x_wconf 90' lang='lat' dir='ltr'>universum</span> <span class='ocrx_word' id='word_1_74' title='bbox 629 1659 757 1721; x_wconf 89' lang='lat' dir='ltr'>ratione</span> <span class='ocrx_word' id='word_1_75' title='bbox 787 1679 866 1720; x_wconf 94' lang='lat' dir='ltr'>usus</span> <span class='ocrx_word' id='word_1_76' title='bbox 901 1657 1067 1720; x_wconf 90' lang='lat' dir='ltr'>nonnullis</span> <span class='ocrx_word' id='word_1_77' title='bbox 1103 1657 1184 1721; x_wconf 93' lang='lat' dir='ltr'>locis</span> <span class='ocrx_word' id='word_1_78' title='bbox 1217 1658 1375 1735; x_wconf 84' lang='lat' dir='ltr'>Tacitus,</span> <span class='ocrx_word' id='word_1_79' title='bbox 1395 1657 1416 1720; x_wconf 89' lang='lat' dir='ltr'>si</span> 
     </span>
     <span class='ocr_line' id='line_1_12' title="bbox 255 1763 1416 1850; baseline 0 -23"><span class='ocrx_word' id='word_1_80' title='bbox 255 1787 325 1829; x_wconf 88' lang='lat' dir='ltr'>rem</span> <span class='ocrx_word' id='word_1_81' title='bbox 359 1766 551 1828; x_wconf 89' lang='lat' dir='ltr'>accuratius</span> <span class='ocrx_word' id='word_1_82' title='bbox 587 1777 795 1850; x_wconf 84' lang='lat' dir='ltr'>cognoverat</span> <span class='ocrx_word' id='word_1_83' title='bbox 829 1776 886 1827; x_wconf 90' lang='lat' dir='ltr'>aut</span> <span class='ocrx_word' id='word_1_84' title='bbox 919 1765 1120 1849; x_wconf 86' lang='lat' dir='ltr'>cognovisse</span> <span class='ocrx_word' id='word_1_85' title='bbox 1145 1763 1300 1848; x_wconf 89' lang='lat' dir='ltr'>putabat,</span> <span class='ocrx_word' id='word_1_86' title='bbox 1325 1784 1416 1850; x_wconf 90' lang='lat' dir='ltr'>quam</span> 
     </span>
     <span class='ocr_line' id='line_1_13' title="bbox 255 1870 1415 1957; baseline -0.003 -22"><span class='ocrx_word' id='word_1_87' title='bbox 255 1872 393 1948; x_wconf 80' lang='lat' dir='ltr'>Plinius,</span> <span class='ocrx_word' id='word_1_88' title='bbox 419 1872 569 1957; x_wconf 84' lang='lat' dir='ltr'>explevit</span> <span class='ocrx_word' id='word_1_89' title='bbox 593 1874 783 1936; x_wconf 89' lang='lat' dir='ltr'>correxitve</span> <span class='ocrx_word' id='word_1_90' title='bbox 809 1871 913 1935; x_wconf 89' lang='lat' dir='ltr'>verba</span> <span class='ocrx_word' id='word_1_91' title='bbox 945 1873 1027 1947; x_wconf 80' lang='lat' dir='ltr'>eiuS,</span> <span class='ocrx_word' id='word_1_92' title='bbox 1061 1884 1097 1934; x_wconf 95' lang='lat' dir='ltr'>ut</span> <span class='ocrx_word' id='word_1_93' title='bbox 1131 1870 1289 1935; x_wconf 88' lang='lat' dir='ltr'>Caesaris</span> <span class='ocrx_word' id='word_1_94' title='bbox 1321 1870 1415 1935; x_wconf 85' lang='lat' dir='ltr'>verba</span> 
     </span>
     <span class='ocr_line' id='line_1_14' title="bbox 256 1978 934 2044; baseline -0.004 0"><span class='ocrx_word' id='word_1_95' title='bbox 256 1981 402 2044; x_wconf 86' lang='lat' dir='ltr'>correxit</span> <span class='ocrx_word' id='word_1_96' title='bbox 426 2002 445 2042; x_wconf 91' lang='lat' dir='ltr'>a</span> <span class='ocrx_word' id='word_1_97' title='bbox 469 1978 578 2042; x_wconf 89' lang='lat' dir='ltr'>Plinio</span> <span class='ocrx_word' id='word_1_98' title='bbox 602 1980 740 2042; x_wconf 89' lang='lat' dir='ltr'>meliora</span> <span class='ocrx_word' id='word_1_99' title='bbox 757 1980 934 2043; x_wconf 79' lang='lat' dir='ltr'>edoctus²</span> 
     </span>
    </p>

    <p class='ocr_par' dir='ltr' id='par_1_5' title="bbox 254 2085 1477 3778">
     <span class='ocr_line' id='line_1_15' title="bbox 346 2085 1418 2171; baseline 0 -22"><span class='ocrx_word' id='word_1_100' title='bbox 346 2087 521 2164; x_wconf 90' lang='lat' dir='ltr'>Quantum</span> <span class='ocrx_word' id='word_1_101' title='bbox 548 2110 591 2150; x_wconf 84' lang='lat' dir='ltr'>ex</span> <span class='ocrx_word' id='word_1_102' title='bbox 622 2088 808 2171; x_wconf 91' lang='lat' dir='ltr'>deperditis</span> <span class='ocrx_word' id='word_1_103' title='bbox 841 2086 938 2149; x_wconf 93' lang='lat' dir='ltr'>Plinii</span> <span class='ocrx_word' id='word_1_104' title='bbox 969 2085 1061 2149; x_wconf 92' lang='lat' dir='ltr'>libris</span> <span class='ocrx_word' id='word_1_105' title='bbox 1093 2085 1234 2149; x_wconf 89' lang='lat' dir='ltr'>Tacitus</span> <span class='ocrx_word' id='word_1_106' title='bbox 1271 2086 1418 2171; x_wconf 90' lang='lat' dir='ltr'>deprom-</span> 
     </span>
     <span class='ocr_line' id='line_1_16' title="bbox 255 2193 1418 2280; baseline -0.003 -23"><span class='ocrx_word' id='word_1_107' title='bbox 255 2195 371 2280; x_wconf 91' lang='lat' dir='ltr'>pserit,</span> <span class='ocrx_word' id='word_1_108' title='bbox 384 2216 590 2280; x_wconf 91' lang='lat' dir='ltr'>quamquam</span> <span class='ocrx_word' id='word_1_109' title='bbox 608 2194 830 2257; x_wconf 91' lang='lat' dir='ltr'>demonstrari</span> <span class='ocrx_word' id='word_1_110' title='bbox 847 2215 914 2256; x_wconf 89' lang='lat' dir='ltr'>non</span> <span class='ocrx_word' id='word_1_111' title='bbox 930 2205 1054 2278; x_wconf 92' lang='lat' dir='ltr'>potest,</span> <span class='ocrx_word' id='word_1_112' title='bbox 1065 2205 1177 2257; x_wconf 88' lang='lat' dir='ltr'>tamen</span> <span class='ocrx_word' id='word_1_113' title='bbox 1190 2193 1296 2257; x_wconf 91' lang='lat' dir='ltr'>multa</span> <span class='ocrx_word' id='word_1_114' title='bbox 1312 2194 1418 2265; x_wconf 81' lang='lat' dir='ltr'>fuisse,</span> 
     </span>
     <span class='ocr_line' id='line_1_17' title="bbox 256 2300 1421 2387; baseline -0.003 -22"><span class='ocrx_word' id='word_1_115' title='bbox 256 2324 298 2365; x_wconf 86' lang='lat' dir='ltr'>ex</span> <span class='ocrx_word' id='word_1_116' title='bbox 322 2303 361 2365; x_wconf 93' lang='lat' dir='ltr'>iis</span> <span class='ocrx_word' id='word_1_117' title='bbox 384 2323 470 2387; x_wconf 93' lang='lat' dir='ltr'>quos</span> <span class='ocrx_word' id='word_1_118' title='bbox 499 2301 670 2364; x_wconf 89' lang='lat' dir='ltr'>attulimus</span> <span class='ocrx_word' id='word_1_119' title='bbox 694 2301 775 2364; x_wconf 85' lang='lat' dir='ltr'>Nat.</span> <span class='ocrx_word' id='word_1_120' title='bbox 823 2300 909 2364; x_wconf 90' lang='lat' dir='ltr'>Hist.</span> <span class='ocrx_word' id='word_1_121' title='bbox 949 2300 1031 2363; x_wconf 90' lang='lat' dir='ltr'>locis</span> <span class='ocrx_word' id='word_1_122' title='bbox 1071 2300 1180 2364; x_wconf 91' lang='lat' dir='ltr'>conici</span> <span class='ocrx_word' id='word_1_123' title='bbox 1215 2300 1305 2377; x_wconf 91' lang='lat' dir='ltr'>licet,</span> <span class='ocrx_word' id='word_1_124' title='bbox 1330 2319 1421 2385; x_wconf 91' lang='lat' dir='ltr'>prae-</span> 
     </span>
     <span class='ocr_line' id='line_1_18' title="bbox 255 2408 1428 2494; baseline -0.006 -21"><span class='ocrx_word' id='word_1_125' title='bbox 255 2410 369 2473; x_wconf 89' lang='lat' dir='ltr'>sertim</span> <span class='ocrx_word' id='word_1_126' title='bbox 394 2431 470 2472; x_wconf 90' lang='lat' dir='ltr'>cum</span> <span class='ocrx_word' id='word_1_127' title='bbox 494 2411 715 2494; x_wconf 89' lang='lat' dir='ltr'>reputaveris,</span> <span class='ocrx_word' id='word_1_128' title='bbox 751 2431 793 2473; x_wconf 85' lang='lat' dir='ltr'>ex</span> <span class='ocrx_word' id='word_1_129' title='bbox 821 2408 942 2488; x_wconf 86' lang='lat' dir='ltr'>,Bellis</span> <span class='ocrx_word' id='word_1_130' title='bbox 966 2408 1191 2472; x_wconf 78' lang='lat' dir='ltr'>Germaniae“</span> <span class='ocrx_word' id='word_1_131' title='bbox 1217 2429 1253 2472; x_wconf 90' lang='lat' dir='ltr'>se</span> <span class='ocrx_word' id='word_1_132' title='bbox 1278 2410 1428 2472; x_wconf 88' lang='lat' dir='ltr'>hausisse</span> 
     </span>
     <span class='ocr_line' id='line_1_19' title="bbox 255 2514 1437 2600; baseline -0.003 -21"><span class='ocrx_word' id='word_1_133' title='bbox 255 2517 364 2600; x_wconf 93' lang='lat' dir='ltr'>ipsum</span> <span class='ocrx_word' id='word_1_134' title='bbox 387 2516 548 2600; x_wconf 87' lang='lat' dir='ltr'>profiteri,</span> <span class='ocrx_word' id='word_1_135' title='bbox 573 2528 606 2579; x_wconf 92' lang='lat' dir='ltr'>et</span> <span class='ocrx_word' id='word_1_136' title='bbox 634 2516 895 2595; x_wconf 80' lang='lat' dir='ltr'>,Historiarum“</span> <span class='ocrx_word' id='word_1_137' title='bbox 923 2515 1046 2591; x_wconf 89' lang='lat' dir='ltr'>Taciti,</span> <span class='ocrx_word' id='word_1_138' title='bbox 1082 2516 1115 2577; x_wconf 92' lang='lat' dir='ltr'>in</span> <span class='ocrx_word' id='word_1_139' title='bbox 1139 2515 1260 2600; x_wconf 92' lang='lat' dir='ltr'>quibus</span> <span class='ocrx_word' id='word_1_140' title='bbox 1284 2514 1437 2578; x_wconf 82' lang='lat' dir='ltr'>Plinium</span> 
     </span>
     <span class='ocr_line' id='line_1_20' title="bbox 255 2617 1444 2709; baseline -0.007 -21"><span class='ocrx_word' id='word_1_141' title='bbox 255 2624 464 2709; x_wconf 90' lang='lat' dir='ltr'>potissimum</span> <span class='ocrx_word' id='word_1_142' title='bbox 493 2636 628 2687; x_wconf 88' lang='lat' dir='ltr'>secutus</span> <span class='ocrx_word' id='word_1_143' title='bbox 663 2636 713 2686; x_wconf 91' lang='lat' dir='ltr'>est</span> <span class='ocrx_word' id='word_1_144' title='bbox 737 2635 922 2698; x_wconf 88' lang='lat' dir='ltr'>auctorem,</span> <span class='ocrx_word' id='word_1_145' title='bbox 947 2623 1035 2685; x_wconf 93' lang='lat' dir='ltr'>hunc</span> <span class='ocrx_word' id='word_1_146' title='bbox 1060 2623 1103 2686; x_wconf 92' lang='lat' dir='ltr'>de</span> <span class='ocrx_word' id='word_1_147' title='bbox 1126 2621 1311 2686; x_wconf 90' lang='lat' dir='ltr'>Germania</span> <span class='ocrx_word' id='word_1_148' title='bbox 1335 2617 1444 2686; x_wconf 82' lang='lat' dir='ltr'>libel·</span> 
     </span>
     <span class='ocr_line' id='line_1_21' title="bbox 255 2729 1451 2817; baseline -0.003 -24"><span class='ocrx_word' id='word_1_149' title='bbox 255 2733 322 2795; x_wconf 93' lang='lat' dir='ltr'>lum</span> <span class='ocrx_word' id='word_1_150' title='bbox 346 2732 441 2817; x_wconf 88' lang='lat' dir='ltr'>quasi</span> <span class='ocrx_word' id='word_1_151' title='bbox 458 2753 531 2794; x_wconf 90' lang='lat' dir='ltr'>esse</span> <span class='ocrx_word' id='word_1_152' title='bbox 548 2730 818 2815; x_wconf 90' lang='lat' dir='ltr'>supplementum</span> <span class='ocrx_word' id='word_1_153' title='bbox 844 2751 886 2792; x_wconf 86' lang='lat' dir='ltr'>ex</span> <span class='ocrx_word' id='word_1_154' title='bbox 911 2729 1030 2792; x_wconf 91' lang='lat' dir='ltr'>iisdem</span> <span class='ocrx_word' id='word_1_155' title='bbox 1046 2741 1139 2792; x_wconf 87' lang='lat' dir='ltr'>certe</span> <span class='ocrx_word' id='word_1_156' title='bbox 1157 2729 1274 2792; x_wconf 92' lang='lat' dir='ltr'>studiis</span> <span class='ocrx_word' id='word_1_157' title='bbox 1290 2731 1451 2814; x_wconf 66' lang='lat' dir='ltr'>profec‘</span> 
     </span>
     <span class='ocr_line' id='line_1_22' title="bbox 256 2836 1462 2923; baseline -0.001 -22"><span class='ocrx_word' id='word_1_158' title='bbox 256 2852 336 2915; x_wconf 89' lang='lat' dir='ltr'>tum,</span> <span class='ocrx_word' id='word_1_159' title='bbox 361 2839 423 2901; x_wconf 90' lang='lat' dir='ltr'>etsi</span> <span class='ocrx_word' id='word_1_160' title='bbox 448 2850 525 2901; x_wconf 89' lang='lat' dir='ltr'>ante</span> <span class='ocrx_word' id='word_1_161' title='bbox 552 2837 623 2901; x_wconf 91' lang='lat' dir='ltr'>illas</span> <span class='ocrx_word' id='word_1_162' title='bbox 649 2859 729 2900; x_wconf 92' lang='lat' dir='ltr'>casu</span> <span class='ocrx_word' id='word_1_163' title='bbox 753 2838 865 2922; x_wconf 91' lang='lat' dir='ltr'>aliquo</span> <span class='ocrx_word' id='word_1_164' title='bbox 890 2837 922 2898; x_wconf 94' lang='lat' dir='ltr'>in</span> <span class='ocrx_word' id='word_1_165' title='bbox 946 2836 1057 2899; x_wconf 91' lang='lat' dir='ltr'>lucem</span> <span class='ocrx_word' id='word_1_166' title='bbox 1072 2837 1191 2899; x_wconf 65' lang='lat' dir='ltr'>&gt;editus</span> <span class='ocrx_word' id='word_1_167' title='bbox 1216 2847 1276 2900; x_wconf 89' lang='lat' dir='ltr'>est.</span> <span class='ocrx_word' id='word_1_168' title='bbox 1311 2837 1462 2923; x_wconf 65' lang='lat' dir='ltr'>Itaque</span> 
     </span>
     <span class='ocr_line' id='line_1_23' title="bbox 255 2942 1469 3030; baseline -0.002 -22"><span class='ocrx_word' id='word_1_169' title='bbox 255 2967 331 3008; x_wconf 92' lang='lat' dir='ltr'>cum</span> <span class='ocrx_word' id='word_1_170' title='bbox 365 2945 503 3021; x_wconf 79' lang='lat' dir='ltr'>PliniuS,</span> <span class='ocrx_word' id='word_1_171' title='bbox 543 2966 643 3030; x_wconf 92' lang='lat' dir='ltr'>quem</span> <span class='ocrx_word' id='word_1_172' title='bbox 668 2945 776 3028; x_wconf 93' lang='lat' dir='ltr'>ipsum</span> <span class='ocrx_word' id='word_1_173' title='bbox 809 2944 1021 3028; x_wconf 83' lang='lat' dir='ltr'>praefectum</span> <span class='ocrx_word' id='word_1_174' title='bbox 1057 2944 1130 3006; x_wconf 89' lang='lat' dir='ltr'>alae</span> <span class='ocrx_word' id='word_1_175' title='bbox 1156 2943 1365 3028; x_wconf 90' lang='lat' dir='ltr'>aliquamdiu</span> <span class='ocrx_word' id='word_1_176' title='bbox 1397 2942 1469 3006; x_wconf 69' lang='lat'>111</span> 
     </span>
     <span class='ocr_line' id='line_1_24' title="bbox 254 3050 1474 3136; baseline -0.003 -21"><span class='ocrx_word' id='word_1_177' title='bbox 254 3051 437 3115; x_wconf 90' lang='lat' dir='ltr'>Germania</span> <span class='ocrx_word' id='word_1_178' title='bbox 463 3063 706 3115; x_wconf 90' lang='lat' dir='ltr'>commoratum</span> <span class='ocrx_word' id='word_1_179' title='bbox 731 3071 804 3114; x_wconf 91' lang='lat' dir='ltr'>esse</span> <span class='ocrx_word' id='word_1_180' title='bbox 830 3050 1042 3134; x_wconf 90' lang='lat' dir='ltr'>eundemque</span> <span class='ocrx_word' id='word_1_181' title='bbox 1068 3071 1198 3113; x_wconf 87' lang='lat' dir='ltr'>summa</span> <span class='ocrx_word' id='word_1_182' title='bbox 1216 3071 1308 3127; x_wconf 91' lang='lat' dir='ltr'>cura,</span> <span class='ocrx_word' id='word_1_183' title='bbox 1325 3060 1474 3136; x_wconf 61' lang='lat' dir='ltr'>quae·</span> 
     </span>
     <span class='ocr_line' id='line_1_25' title="bbox 255 3157 1477 3245; baseline -0.001 -22"><span class='ocrx_word' id='word_1_184' title='bbox 255 3181 387 3245; x_wconf 90' lang='lat' dir='ltr'>cunque</span> <span class='ocrx_word' id='word_1_185' title='bbox 412 3171 599 3223; x_wconf 90' lang='lat' dir='ltr'>memoratu</span> <span class='ocrx_word' id='word_1_186' title='bbox 623 3159 726 3244; x_wconf 87' lang='lat' dir='ltr'>digna</span> <span class='ocrx_word' id='word_1_187' title='bbox 761 3159 892 3221; x_wconf 87' lang='lat' dir='ltr'>viderat</span> <span class='ocrx_word' id='word_1_188' title='bbox 924 3171 982 3221; x_wconf 91' lang='lat' dir='ltr'>aut</span> <span class='ocrx_word' id='word_1_189' title='bbox 1013 3157 1162 3242; x_wconf 84' lang='lat' dir='ltr'>legerat,</span> <span class='ocrx_word' id='word_1_190' title='bbox 1188 3158 1477 3243; x_wconf 60' lang='lat' dir='ltr'>conscripsisse</span> 
     </span>
     <span class='ocr_line' id='line_1_26' title="bbox 254 3262 1475 3343; baseline -0.002 -13"><span class='ocrx_word' id='word_1_191' title='bbox 254 3279 398 3343; x_wconf 87' lang='lat' dir='ltr'>constat,</span> <span class='ocrx_word' id='word_1_192' title='bbox 423 3265 626 3329; x_wconf 89' lang='lat' dir='ltr'>uberrimam</span> <span class='ocrx_word' id='word_1_193' title='bbox 651 3267 692 3328; x_wconf 92' lang='lat' dir='ltr'>de</span> <span class='ocrx_word' id='word_1_194' title='bbox 718 3265 896 3329; x_wconf 91' lang='lat' dir='ltr'>Germanis</span> <span class='ocrx_word' id='word_1_195' title='bbox 921 3265 1074 3327; x_wconf 87' lang='lat' dir='ltr'>notitiam</span> <span class='ocrx_word' id='word_1_196' title='bbox 1089 3262 1255 3340; x_wconf 90' lang='lat' dir='ltr'>habuerit,</span> <span class='ocrx_word' id='word_1_197' title='bbox 1272 3276 1309 3327; x_wconf 91' lang='lat' dir='ltr'>ut</span> <span class='ocrx_word' id='word_1_198' title='bbox 1326 3286 1411 3328; x_wconf 87' lang='lat' dir='ltr'>nem</span> <span class='ocrx_word' id='word_1_199' title='bbox 1426 3266 1475 3311; x_wconf 65' lang='grc' dir='ltr'>ί)</span> 
     </span>
     <span class='ocr_line' id='line_1_27' title="bbox 254 3371 1475 3456; baseline 0.001 -21"><span class='ocrx_word' id='word_1_200' title='bbox 254 3385 325 3436; x_wconf 92' lang='lat' dir='ltr'>tum</span> <span class='ocrx_word' id='word_1_201' title='bbox 351 3374 541 3437; x_wconf 91' lang='lat' dir='ltr'>accuratius</span> <span class='ocrx_word' id='word_1_202' title='bbox 566 3373 608 3436; x_wconf 87' lang='lat' dir='ltr'>de</span> <span class='ocrx_word' id='word_1_203' title='bbox 635 3385 724 3434; x_wconf 89' lang='lat' dir='ltr'>terra</span> <span class='ocrx_word' id='word_1_204' title='bbox 749 3373 838 3456; x_wconf 87' lang='lat' dir='ltr'>ipsa,</span> <span class='ocrx_word' id='word_1_205' title='bbox 864 3371 905 3434; x_wconf 92' lang='lat' dir='ltr'>de</span> <span class='ocrx_word' id='word_1_206' title='bbox 931 3371 1078 3434; x_wconf 90' lang='lat' dir='ltr'>bellandi</span> <span class='ocrx_word' id='word_1_207' title='bbox 1104 3371 1362 3449; x_wconf 91' lang='lat' dir='ltr'>consuetudine,</span> <span class='ocrx_word' id='word_1_208' title='bbox 1387 3371 1475 3436; x_wconf 47' lang='grc' dir='ltr'>ἀΰ</span> 
     </span>
     <span class='ocr_line' id='line_1_28' title="bbox 255 3477 1471 3564; baseline 0 -21"><span class='ocrx_word' id='word_1_209' title='bbox 255 3481 395 3544; x_wconf 88' lang='lat' dir='ltr'>deorum</span> <span class='ocrx_word' id='word_1_210' title='bbox 427 3482 529 3556; x_wconf 89' lang='lat' dir='ltr'>cultu,</span> <span class='ocrx_word' id='word_1_211' title='bbox 562 3480 604 3543; x_wconf 90' lang='lat' dir='ltr'>de</span> <span class='ocrx_word' id='word_1_212' title='bbox 629 3481 717 3542; x_wconf 91' lang='lat' dir='ltr'>vitae</span> <span class='ocrx_word' id='word_1_213' title='bbox 742 3479 899 3564; x_wconf 87' lang='lat' dir='ltr'>publicae</span> <span class='ocrx_word' id='word_1_214' title='bbox 929 3480 1151 3562; x_wconf 87' lang='lat' dir='ltr'>privataeque</span> <span class='ocrx_word' id='word_1_215' title='bbox 1185 3477 1354 3555; x_wconf 79' lang='lat' dir='ltr'>moribus,</span> <span class='ocrx_word' id='word_1_216' title='bbox 1387 3479 1471 3543; x_wconf 56' lang='lat' dir='ltr'>de</span> 
     </span>
     <span class='ocr_line' id='line_1_29' title="bbox 256 3567 1466 3673; baseline -0.002 -22"><span class='ocrx_word' id='word_1_217' title='bbox 256 3589 462 3673; x_wconf 84' lang='lat' dir='ltr'>singularum</span> <span class='ocrx_word' id='word_1_218' title='bbox 486 3588 639 3673; x_wconf 86' lang='lat' dir='ltr'>gentium</span> <span class='ocrx_word' id='word_1_219' title='bbox 669 3587 828 3648; x_wconf 88' lang='lat' dir='ltr'>institutis</span> <span class='ocrx_word' id='word_1_220' title='bbox 859 3586 1024 3649; x_wconf 88' lang='lat' dir='ltr'>disserere</span> <span class='ocrx_word' id='word_1_221' title='bbox 1057 3586 1216 3669; x_wconf 88' lang='lat' dir='ltr'>potuerit,</span> <span class='ocrx_word' id='word_1_222' title='bbox 1253 3607 1295 3647; x_wconf 86' lang='lat' dir='ltr'>ex</span> <span class='ocrx_word' id='word_1_223' title='bbox 1331 3576 1444 3651; x_wconf 77' lang='lat' dir='ltr'>Plini</span> <span class='ocrx_word' id='word_1_224' title='bbox 1453 3567 1466 3631; x_wconf 71' lang='lat' dir='ltr'>l</span> 
     </span>
     <span class='ocr_line' id='line_1_30' title="bbox 254 3692 1159 3778; baseline -0.004 -20"><span class='ocrx_word' id='word_1_225' title='bbox 254 3693 346 3758; x_wconf 87' lang='lat' dir='ltr'>libris</span> <span class='ocrx_word' id='word_1_226' title='bbox 370 3696 537 3778; x_wconf 92' lang='lat' dir='ltr'>permulta</span> <span class='ocrx_word' id='word_1_227' title='bbox 562 3695 712 3757; x_wconf 91' lang='lat' dir='ltr'>hausisse</span> <span class='ocrx_word' id='word_1_228' title='bbox 736 3694 879 3756; x_wconf 87' lang='lat' dir='ltr'>Tacitus</span> <span class='ocrx_word' id='word_1_229' title='bbox 903 3692 1074 3777; x_wconf 88' lang='lat' dir='ltr'>putandus</span> <span class='ocrx_word' id='word_1_230' title='bbox 1099 3703 1159 3755; x_wconf 90' lang='lat' dir='ltr'>est.</span> 
     </span>
    </p>
   </div>
   <div class='ocr_carea' id='block_1_5' title="bbox 255 3907 1441 4331">
    <p class='ocr_par' dir='ltr' id='par_1_6' title="bbox 256 3907 1441 4071">
     <span class='ocr_line' id='line_1_31' title="bbox 345 3907 1441 3973; baseline -0.003 -15"><span class='ocrx_word' id='word_1_231' title='bbox 345 3909 353 3937; x_wconf 89' lang='lat'>¹</span> <span class='ocrx_word' id='word_1_232' title='bbox 375 3910 493 3958; x_wconf 88' lang='lat' dir='ltr'>Videtur</span> <span class='ocrx_word' id='word_1_233' title='bbox 513 3910 625 3973; x_wconf 93' lang='lat' dir='ltr'>quidem</span> <span class='ocrx_word' id='word_1_234' title='bbox 637 3911 753 3958; x_wconf 90' lang='lat' dir='ltr'>Tacitus</span> <span class='ocrx_word' id='word_1_235' title='bbox 769 3908 934 3973; x_wconf 86' lang='lat' dir='ltr'>significare,</span> <span class='ocrx_word' id='word_1_236' title='bbox 949 3909 1010 3956; x_wconf 90' lang='lat' dir='ltr'>aliis</span> <span class='ocrx_word' id='word_1_237' title='bbox 1025 3908 1094 3956; x_wconf 91' lang='lat' dir='ltr'>locis</span> <span class='ocrx_word' id='word_1_238' title='bbox 1112 3909 1238 3956; x_wconf 91' lang='lat' dir='ltr'>sucinum</span> <span class='ocrx_word' id='word_1_239' title='bbox 1259 3922 1314 3955; x_wconf 90' lang='lat' dir='ltr'>non</span> <span class='ocrx_word' id='word_1_240' title='bbox 1331 3922 1348 3956; x_wconf 88' lang='lat' dir='ltr'>a</span> <span class='ocrx_word' id='word_1_241' title='bbox 1360 3907 1441 3958; x_wconf 84' lang='lat' dir='ltr'>Ger·</span> 
     </span>
     <span class='ocr_line' id='line_1_32' title="bbox 256 3998 949 4071; baseline -0.004 -23"><span class='ocrx_word' id='word_1_242' title='bbox 256 4002 345 4071; x_wconf 81' lang='lat' dir='ltr'>manis</span> <span class='ocrx_word' id='word_1_243' title='bbox 365 4001 440 4062; x_wconf 81' lang='lat' dir='ltr'>ipsis.</span> <span class='ocrx_word' id='word_1_244' title='bbox 457 3998 506 4047; x_wconf 88' lang='lat' dir='ltr'>sed</span> <span class='ocrx_word' id='word_1_245' title='bbox 525 4000 560 4047; x_wconf 90' lang='lat' dir='ltr'>ab</span> <span class='ocrx_word' id='word_1_246' title='bbox 581 4001 703 4048; x_wconf 83' lang='lat' dir='ltr'>externis</span> <span class='ocrx_word' id='word_1_247' title='bbox 723 4000 818 4062; x_wconf 89' lang='lat' dir='ltr'>quaeri</span> <span class='ocrx_word' id='word_1_248' title='bbox 839 4003 866 4047; x_wconf 91' lang='lat' dir='ltr'>et</span> <span class='ocrx_word' id='word_1_249' title='bbox 886 3998 949 4060; x_wconf 89' lang='lat' dir='ltr'>legi.</span> 
     </span>
    </p>

    <p class='ocr_par' dir='ltr' id='par_1_7' title="bbox 255 4078 1433 4331">
     <span class='ocr_line' id='line_1_33' title="bbox 346 4078 1433 4152; baseline -0.002 -16"><span class='ocrx_word' id='word_1_250' title='bbox 346 4087 355 4114; x_wconf 82' lang='lat'>&#39;²</span> <span class='ocrx_word' id='word_1_251' title='bbox 374 4087 508 4137; x_wconf 87' lang='lat' dir='ltr'>Refutata</span> <span class='ocrx_word' id='word_1_252' title='bbox 528 4094 592 4136; x_wconf 90' lang='lat' dir='ltr'>sunt</span> <span class='ocrx_word' id='word_1_253' title='bbox 611 4090 697 4152; x_wconf 89' lang='lat' dir='ltr'>igitur</span> <span class='ocrx_word' id='word_1_254' title='bbox 712 4088 783 4136; x_wconf 88' lang='lat' dir='ltr'>haec</span> <span class='ocrx_word' id='word_1_255' title='bbox 803 4087 888 4135; x_wconf 88' lang='lat' dir='ltr'>verba</span> <span class='ocrx_word' id='word_1_256' title='bbox 902 4085 1014 4148; x_wconf 86' lang='lat' dir='ltr'>Koepki</span> <span class='ocrx_word' id='word_1_257' title='bbox 1034 4086 1061 4150; x_wconf 85' lang='lat' dir='ltr'>(l.</span> <span class='ocrx_word' id='word_1_258' title='bbox 1078 4086 1094 4134; x_wconf 90' lang='lat' dir='ltr'>l.</span> <span class='ocrx_word' id='word_1_259' title='bbox 1113 4102 1138 4149; x_wconf 90' lang='lat' dir='ltr'>p.</span> <span class='ocrx_word' id='word_1_260' title='bbox 1150 4087 1230 4149; x_wconf 79' lang='lat'><strong>222):</strong></span> <span class='ocrx_word' id='word_1_261' title='bbox 1253 4078 1433 4152; x_wconf 82' lang='lat' dir='ltr'>,Auffallend</span> 
     </span>
     <span class='ocr_line' id='line_1_34' title="bbox 255 4175 1428 4242; baseline -0.006 -15"><span class='ocrx_word' id='word_1_262' title='bbox 255 4181 291 4228; x_wconf 89' lang='lat' dir='ltr'>ist</span> <span class='ocrx_word' id='word_1_263' title='bbox 312 4194 350 4240; x_wconf 83' lang='lat' dir='ltr'>es,</span> <span class='ocrx_word' id='word_1_264' title='bbox 371 4177 434 4227; x_wconf 85' lang='lat' dir='ltr'>dass</span> <span class='ocrx_word' id='word_1_265' title='bbox 453 4177 514 4227; x_wconf 85' lang='lat' dir='ltr'>sich</span> <span class='ocrx_word' id='word_1_266' title='bbox 542 4178 570 4226; x_wconf 92' lang='lat' dir='ltr'>in</span> <span class='ocrx_word' id='word_1_267' title='bbox 597 4176 650 4227; x_wconf 91' lang='lat' dir='ltr'>den</span> <span class='ocrx_word' id='word_1_268' title='bbox 678 4177 808 4240; x_wconf 89' lang='lat' dir='ltr'>Capiteln</span> <span class='ocrx_word' id='word_1_269' title='bbox 834 4175 883 4223; x_wconf 86' lang='lat' dir='ltr'>der</span> <span class='ocrx_word' id='word_1_270' title='bbox 908 4175 1068 4242; x_wconf 80' lang='lat' dir='ltr'>Germania,</span> <span class='ocrx_word' id='word_1_271' title='bbox 1099 4177 1126 4222; x_wconf 91' lang='lat' dir='ltr'>in</span> <span class='ocrx_word' id='word_1_272' title='bbox 1154 4175 1281 4223; x_wconf 87' lang='lat' dir='ltr'>welehen</span> <span class='ocrx_word' id='word_1_273' title='bbox 1309 4175 1428 4226; x_wconf 72' lang='lat' dir='ltr'>Caesare</span> 
     </span>
     <span class='ocr_line' id='line_1_35' title="bbox 255 4261 1230 4331; baseline -0.007 -13"><span class='ocrx_word' id='word_1_274' title='bbox 255 4269 355 4319; x_wconf 86' lang='lat' dir='ltr'>Worte</span> <span class='ocrx_word' id='word_1_275' title='bbox 374 4266 647 4331; x_wconf 76' lang='lat' dir='ltr'>durohachhnmoru,</span> <span class='ocrx_word' id='word_1_276' title='bbox 665 4266 747 4317; x_wconf 72' lang='lat' dir='ltr'>kalne</span> <span class='ocrx_word' id='word_1_277' title='bbox 767 4265 914 4331; x_wconf 68' lang='lat' dir='ltr'>Anklfinge</span> <span class='ocrx_word' id='word_1_278' title='bbox 934 4279 969 4313; x_wconf 86' lang='lat' dir='ltr'>an</span> <span class='ocrx_word' id='word_1_279' title='bbox 989 4265 1094 4314; x_wconf 84' lang='lat' dir='ltr'>Plinius</span> <span class='ocrx_word' id='word_1_280' title='bbox 1113 4261 1230 4314; x_wconf 88' lang='lat' dir='ltr'>finden.“</span> 
     </span>
    </p>
   </div>
   <div class='ocr_carea' id='block_1_6' title="bbox 0 0 1502 4988">
    <p class='ocr_par' dir='ltr' id='par_1_8' title="bbox 0 0 1502 4988">
     <span class='ocr_line' id='line_1_36' title="bbox 0 0 1502 4988; baseline 0 0"><span class='ocrx_word' id='word_1_281' title='bbox 0 0 1502 4988; x_wconf 95' lang='lat' dir='ltr'> </span> 
     </span>
    </p>
   </div>
  </div>
 </body>
</html>
