2978 4988
735 373 958 434 „16-

260 566 446 642 strandum,
478 566 558 628 nihil
581 565 706 628 afferre
732 565 898 642 videntur,
931 567 1085 651 quamvis
1117 565 1358 629 memorabilia
1381 589 1434 651 per

260 695 296 737 se
320 672 509 748 videantur,
534 672 742 735 omittuntur.

350 796 425 880 Jam
456 818 537 859 vero
570 797 653 860 alios
684 795 842 860 Caesaris
877 798 1193 861 commentariorum
1218 797 1327 875 locOS,
1357 820 1435 883 quos

262 916 340 966 ante
366 903 482 967 oculos
512 903 644 967 videtur
677 903 835 966 habuisse
871 904 1024 980 Tacitus,
1058 925 1135 967 cum
1171 905 1214 968 de
1250 893 1436 969 Germania

260 1010 381 1073 librum
404 1007 577 1086 scriberet,
602 1011 635 1072 in
659 1004 814 1073 medium
829 1011 1013 1095 proferam.

349 1135 465 1220 Atque
509 1135 618 1220 prima
661 1136 799 1222 quidem
843 1135 945 1199 libelli
987 1136 1172 1200 vocabula:
1222 1135 1437 1215 ,Germania

260 1242 381 1304 omm's“
397 1243 530 1327 scripsit
546 1243 689 1306 Tacitus
706 1244 853 1307 imitatus
867 1242 1062 1320 Caesarem,
1079 1245 1136 1330 qui
1153 1244 1284 1306 orditur
1300 1243 1435 1308 verbis:

264 1349 394 1430 ,Gallia
427 1362 479 1412 est
515 1350 651 1413 omnis.“
711 1349 817 1426 Quod
852 1351 914 1413 nisi
946 1351 993 1413 ita
1029 1362 1129 1427 esset,
1163 1372 1226 1434 pro
1262 1351 1435 1414 adiectivo

264 1458 408 1538 ,omnis“
436 1458 643 1541 scripsisset:
681 1479 809 1544 magna
829 1458 883 1520 vel
908 1456 1065 1534 barbara,
1089 1457 1143 1520 vel
1171 1456 1289 1520 libera.
1340 1458 1435 1521 Haec

185 1561 187 1567 ’
260 1566 349 1628 enim
376 1565 518 1645 „Rheno
543 1579 576 1628 et
599 1565 757 1628 Danuvio
782 1564 992 1628 fluminibus“
1014 1563 1270 1641 terminabatur,
1296 1586 1379 1628 cum
1404 1567 1433 1627 in

260 1675 392 1736 sinistra
416 1672 529 1735 Rheni
566 1673 639 1757 ripa
663 1671 754 1734 haud
778 1671 880 1735 dubie
896 1670 1145 1735 Germanorum
1168 1672 1313 1757 populos
1341 1672 1436 1737 habi-

261 1794 332 1844 tare
358 1780 499 1843 Tacitus
523 1781 595 1863 ipse
621 1780 665 1863 (c,
692 1782 746 1861 28)
771 1779 906 1842 uberius
931 1792 1091 1864 exponat.
1132 1780 1226 1844 Idem
1249 1791 1436 1865 postquam

200 1939 203 1944 .
260 1888 445 1951 Mattiacos
480 1886 528 1970 (in
565 1885 686 1948 dextra
710 1885 822 1950 Rheni
862 1887 936 1970 ripa
970 1886 1175 1971 habitantes)
1211 1889 1242 1950 in
1268 1887 1435 1973 obsequio

260 1992 493 2057 Romanorum
526 2014 600 2056 esse
635 1993 729 2068 dixit,
766 1993 878 2057 addit:
918 1993 1081 2072 ,Protulit
1117 1996 1205 2058 enim
1230 1996 1434 2080 magnitudo

260 2101 377 2185 populi
412 2101 559 2163 Romani
595 2100 681 2163 ultra
718 2100 876 2163 Rhenum
912 2102 1066 2184 ultraque
1102 2115 1235 2165 veteres
1269 2105 1433 2166 terminos

260 2209 389 2293 imperii
413 2208 666 2270 reverentiam.“
718 2207 825 2270 Vetus
842 2220 956 2270 autem
981 2209 1034 2271 ille
1059 2209 1237 2286 terminus,
1262 2211 1320 2294 qui
1348 2209 1436 2273 Ger-

261 2316 406 2379 maniam
440 2337 461 2378 a
496 2313 602 2378 Gallis
637 2313 830 2398 separabat,
867 2317 1068 2379 constitutus
1105 2329 1177 2379 erat
1213 2338 1233 2379 a
1266 2315 1432 2394 Caesare,

261 2423 318 2508 qui
341 2434 421 2506 apte
446 2423 705 2485 commentarios
730 2422 847 2506 incipit
871 2422 999 2486 verbis:
1043 2422 1173 2503 ,Gallia
1190 2424 1328 2500 omnis,“
1358 2446 1436 2487 cum

261 2551 395 2593 omnem
418 2529 564 2593 Galliam
588 2531 620 2591 in
645 2543 712 2593 tres
735 2544 851 2614 partes
875 2531 1017 2594 divisam
1042 2552 1115 2594 esse
1140 2530 1273 2615 planius
1297 2532 1436 2615 exposi-

261 2648 355 2701 turus
380 2650 478 2700 esset.

349 2763 447 2827 Haec
477 2764 650 2848 utriusque
682 2762 722 2824 de
753 2761 870 2824 Rheno
886 2761 1032 2848 flarm'ne
1062 2763 1167 2827 verba
1200 2764 1436 2847 comparanda

261 2871 434 2934 videntur:

329 3013 456 3078 Caes,
481 3014 520 3077 B.
545 3012 588 3077 G.
613 3013 672 3077 IV.
701 3017 750 3079 10.

307 3140 449 3203 Rhenus
462 3141 567 3202 oritur
579 3162 621 3202 ex
632 3139 820 3222 Lepontiis,

263 3248 319 3332 qui
343 3247 451 3331 Alpes
476 3247 625 3310 incolunt
659 3259 692 3309 et
716 3246 819 3331 longo

263 3356 373 3440 spatio
397 3377 459 3439 per
482 3355 565 3417 fines
586 3353 820 3429 Nantuatium‚

262 3462 516 3536 Helvetiorum,
575 3459 820 3544 Sequanorum,

263 3570 571 3644 Mediomatricum,
584 3568 821 3643 Tribocorum,

263 3678 492 3740 Treverorum
509 3677 631 3739 citatus
647 3676 766 3751 fertur,
788 3686 822 3736 et

1003 3015 1194 3078 Tacitus
1219 3036 1247 3078 c.
1276 3019 1303 3077 1.

918 3137 1436 3223 RhenusRaeticarumAlpium

875 3247 1049 3311 inaccesso
1078 3268 1119 3311 ac
1150 3247 1330 3331 praecipiti
1361 3268 1436 3309 ver-

876 3354 941 3418 tice
975 3368 1068 3419 ortus
1103 3355 1237 3418 modico
1273 3354 1366 3417 flexu
1404 3356 1436 3417 in

876 3464 1089 3527 occidentem
1135 3483 1250 3525 versus
1299 3473 1439 3546 septen-

876 3572 1007 3634 trionali
1032 3570 1173 3633 Oceano
1198 3569 1368 3632 miscetur.

264 3783 320 3847 ubi
351 3783 492 3846 Oceano
525 3783 822 3868 appropinquavit,
872 3799 874 3803 ·

264 3893 297 3954 in
313 3892 426 3975 plures
443 3891 560 3954 defluit
576 3904 692 3976 partes
710 3890 820 3953 multis

264 3997 524 4084 ingentibusque
548 3999 663 4062 insulis
688 3999 822 4062 effectis

264 4154 305 4171 ..
332 4154 340 4169 .
378 4107 556 4192 multisque
590 4107 757 4191 capitibus
789 4108 821 4168 in

265 4214 441 4277 Oceanum
465 4214 581 4279 influit.

1475 3638 1479 3759 r

1472 3866 1479 3951 t
