2978 4988
624 401 844 469 ...57-

179 604 282 664 eret.1
329 599 440 663 Multa
476 621 556 663 vero
593 599 741 677 obstant,
774 599 951 683 quominus
981 597 1082 662 ullam
1112 598 1320 682 provinciam

180 729 194 772 )
231 709 433 793 imperatore
470 708 594 771 Tacito
630 707 870 770 demandatam
907 728 979 770 esse
1008 707 1205 770 credamus:
1230 705 1320 770 Nam

182 838 228 878 1m
252 816 464 879 Domitianus
488 814 687 900 Agricolam
722 835 876 878 socerum
910 836 963 877 res
996 836 1138 899 magnas
1179 815 1211 876 in
1248 813 1322 876 Bri-

186 924 267 986 nnia
299 924 444 1008 gessisse
477 923 607 1008 (Agric.
643 924 697 1003 39)
733 923 863 1001 ,fronte
895 922 1014 999 laetus,
1038 936 1177 1006 pectore
1202 922 1321 984 anxius

184 1031 341 1114 :cepisset
381 1043 414 1093 et
453 1032 616 1115 optimum
655 1041 806 1092 statuens
852 1031 884 1093 in
923 1030 1116 1114 praesentia
1156 1049 1321 1113 reponere

185 1137 298 1214 lium“‚
334 1159 413 1201 vere
449 1138 526 1200 anni
563 1142 603 1203 85
639 1138 672 1199 in
707 1137 825 1200 urbem
861 1159 1032 1201 reversum
1067 1137 1202 1222 frigide,
1227 1134 1321 1198 brevi

190 1244 268 1308 culo
293 1247 335 1326 (c.
361 1245 416 1327 40)
452 1257 634 1329 exceptum
669 1245 713 1308 ad
749 1244 903 1308 umbram
936 1246 1025 1308 vitae
1049 1245 1202 1329 privatae
1228 1264 1322 1306 coer-

188 1351 287 1428 dsset,
311 1351 434 1415 Tacito
458 1373 585 1437 genero
608 1365 779 1436 praetura,
804 1373 904 1437 quam
929 1374 1017 1415 anno
1043 1357 1083 1417 86
1121 1362 1320 1435 exspectare

189 1459 273 1535 uuit,
313 1460 398 1523 duos
437 1480 543 1522 annos
584 1459 755 1522 retardata
795 1472 855 1551 est.
916 1459 1004 1523 Cum
1042 1480 1122 1521 vero
1161 1470 1321 1542 praetura

191 1566 292 1629 ndem
316 1568 347 1647 (a
372 1567 565 1630 Domitiano
594 1567 845 1647 „moderatione
872 1579 905 1630 et
933 1567 1113 1651 prudentia
1138 1565 1322 1651 Agricolae

192 1674 290 1755 ritot)
317 1674 520 1738 demandata
545 1676 681 1738 functus
711 1687 799 1738 esset
823 1674 977 1750 Tacitus,
1002 1676 1044 1755 (c.
1070 1676 1124 1755 41)
1153 1695 1212 1753 ,ea
1236 1674 1323 1736 inse-

195 1792 231 1843 ta
256 1793 332 1843 sunt
357 1782 404 1844 rei
428 1781 584 1866 publicae
609 1794 773 1866 tempora,
799 1803 885 1865 quae
910 1781 997 1844 sileri
1023 1780 1221 1866 Agricolam
1254 1802 1322 1843 non

195 1900 317 1951 terent:
343 1901 392 1952 tot
417 1890 584 1953 exercitus
608 1891 641 1952 in
665 1888 797 1952 Moesia
821 1888 998 1972 Daciaque
1024 1901 1057 1950 et
1081 1887 1264 1950 Germania
1288 1899 1322 1950 et

197 1996 330 2058 innonia
353 1996 543 2060 temeritate
572 2010 630 2060 aut
663 2019 725 2082 per
758 1997 928 2082 ignaviam
959 1995 1082 2058 ducum
1114 1995 1242 2069 amissi;
1276 1995 1322 2058 ita

196 2123 229 2163 m
265 2101 387 2165 damna
424 2104 555 2166 damnis
591 2105 877 2178 continuarentur,
913 2102 1120 2187 poscebatur
1149 2124 1206 2165 ore
1230 2101 1323 2187 vulgi

202 2231 224 2270 x
241 2206 420 2294 Agricola;
438 2210 558 2294 quibus
576 2210 784 2274 sermonibus
801 2211 881 2273 satis
895 2222 1028 2273 constat
1041 2210 1225 2272 Domitiani
1242 2230 1322 2293 quo-

202 2335 220 2376 e
259 2337 358 2379 aures
397 2315 623 2379 verberatas.“
678 2316 772 2392 Quid
811 2339 892 2380 vero
924 2315 1160 2380 Domitianus?
1200 2315 1322 2400 Neque

202 2443 246 2484 na
270 2422 489 2508 legionesque
513 2422 698 2509 Agricolae
722 2424 871 2500 tradidit,
897 2437 930 2487 et
958 2445 1052 2504 ,cum
1086 2424 1150 2486 iam
1187 2423 1322 2486 adesset

203 2550 260 2592 nus
285 2531 364 2612 (90),
389 2552 456 2614 quo
480 2530 755 2615 proconsulatum
780 2529 920 2594 Africae
945 2543 978 2594 et
1003 2530 1106 2594 Asiae
1136 2532 1322 2607 sortiretur,

204 2649 291 2699 ratus
326 2638 536 2700 simulatione
572 2638 678 2701 audiit
712 2660 832 2723 preces
868 2640 1061 2702 excusantis
1096 2659 1159 2701 nec
1190 2635 1322 2700 erubuit

205 2745 309 2807 neficii
333 2744 488 2809 invidia.“
539 2745 593 2808 Ne
617 2746 759 2809 alterum
791 2746 927 2831 quidem
960 2746 1171 2809 consulatum
1204 2745 1233 2806 ei
1267 2745 1323 2806 tri-

205 2851 235 2914 it.
283 2850 405 2935 Neque
429 2853 475 2915 ita
503 2852 607 2916 multo
630 2866 708 2937 post
733 2853 814 2916 obiit
830 2853 994 2939 Agricola
1016 2874 1082 2915 non
1107 2853 1177 2915 sine
1201 2851 1323 2914 veneni

206 2956 391 3022 )0mitian0
415 2959 485 3022 dati
509 2961 709 3044 suspicione.
746 2999 785 3006 —
811 2961 908 3024 Haec
942 2961 1112 3045 reputanti
1145 2960 1225 3021 mihi
1256 2979 1323 3021 non

207 3065 332 3128 isimile
367 3067 500 3130 videtur
532 3067 762 3131 Domitianum
794 3067 914 3130 eodem
947 3080 1099 3151 tempore
1130 3066 1258 3128 misisse
1290 3065 1324 3126 in

208 3172 364 3236 >vinciam
389 3194 465 3237 cum
490 3175 652 3258 imperi0²
676 3175 835 3237 Tacitum
858 3196 1032 3260 generum,
1057 3195 1158 3258 quem
1191 3172 1321 3248 eodem,

243 3385 385 3436 ¹Teuit'el
404 3404 430 3451 p.
460 3391 524 3439 765:
556 3394 646 3456 „etwa
676 3390 716 3438 als
745 3389 953 3452 praetoriseher
981 3389 1183 3453 Legionslegat
1208 3389 1234 3434 in
1255 3387 1324 3437 Ger-

211 3477 265 3524 rien
294 3478 362 3526 oder
391 3479 431 3526 als
459 3479 630 3542 Propraetor
659 3479 708 3527 der
738 3479 858 3526 Provinz
886 3476 1026 3542 Belgica.“
1066 3479 1150 3526 Mitto
1176 3477 1269 3525 dicere
1290 3477 1323 3524 de

212 3567 288 3615 rione
321 3582 426 3628 eorum,
459 3570 506 3631 qui
537 3573 635 3631 putant
655 3569 786 3616 Tacitum
818 3568 1059 3616 adulescentulum
1092 3583 1153 3614 cum
1187 3571 1265 3629 patre
1296 3568 1324 3614 in

212 3657 257 3703 nia
277 3656 482 3705 Germanorum
503 3657 652 3721 degentem
673 3660 700 3704 in
719 3660 808 3720 ipsam
837 3663 941 3705 terram
969 3659 1111 3715 transisse,
1141 3671 1204 3703 cum
1234 3671 1323 3719 neque

217 3746 286 3792 itum
306 3746 392 3794 filium
412 3749 604 3809 procuratoris
623 3748 755 3812 Belgicae
775 3763 790 3795 a
811 3749 901 3795 Plinio
922 3748 1005 3810 (llist.
1025 3749 1091 3796 Nat.
1112 3747 1164 3795 VII
1185 3748 1228 3810 76)
1249 3762 1324 3794 com-

214 3836 301 3882 norati
321 3836 406 3884 fuisse
427 3841 547 3897 constet,
567 3853 657 3900 neque
677 3838 801 3886 tantulae
821 3838 922 3884 aetatis
943 3836 1070 3884 videatur
1090 3838 1211 3883 animum
1224 3836 1259 3883 ad
1279 3850 1323 3883 res

215 3937 248 3970 :as
269 3924 459 3975 observandas
478 3928 628 3989 appellere.
666 3927 756 3991 (Kritz
777 3926 819 3974 ed.
841 3926 935 3974 Germ.
956 3941 982 3988 p.
1003 3927 1037 3989 6).

243 4009 373 4077 ²Legati
393 4017 600 4077 provinciarum
633 4031 695 4063 cum
726 4031 781 4063 non
810 4016 901 4063 solum
930 4015 1060 4062 omnibus
1089 4015 1172 4062 rebus
1196 4015 1324 4076 publicis,

232 4103 316 4150 etiam
350 4104 507 4168 legionibus
542 4109 719 4168 praeessent,
760 4105 976 4167 imperatoribus
1005 4119 1136 4168 magnum
1168 4104 1324 4166 periculum

218 4189 273 4240 lare
293 4198 432 4254 poterant.
472 4195 585 4243 Nerone
605 4194 717 4257 quidem
742 4199 854 4242 mortuo
879 4195 1021 4258 legionum
1042 4195 1127 4243 duces
1147 4209 1163 4242 a
1190 4194 1324 4242 militibus

219 4296 222 4327 r
240 4283 424 4346 imperatores
445 4284 578 4333 declarati
599 4289 671 4334 sunt.
