2994 4988
253 96 420 161 Permulta
444 98 618 181 disputata
642 109 720 160 sunt
757 97 800 160 de
837 98 886 172 iis,
922 119 1010 182 quae
1042 97 1082 159 de
1113 98 1330 183 agricultura

139 202 157 245 '‘'2
178 205 406 270 Germanorum
429 203 572 266 Tacitus
595 225 621 265 c.
646 203 689 265 26
714 203 826 280 tradit,
852 224 929 266 cum
945 204 1000 266 alii
1014 202 1329 289 (Waitz‚Koepke)

184 331 296 397 prorsus
319 313 453 376 diversa
478 323 511 374 et
528 311 697 374 contraria
714 332 787 373 esse
811 322 932 395 putent
955 311 1004 388 iis,
1029 332 1116 396 quae
1133 309 1264 374 Caesar
1287 311 1330 375 de

137 432 160 503 ·.-.'
191 417 284 482 eadem
311 442 344 483 re
370 420 463 496 dicit,
494 419 548 482 alii
573 417 703 506 (Sybel,
728 418 945 501 Holtzmann)
970 419 1160 482 consentire
1184 419 1271 482 inter
1294 440 1330 482 se

137 547 169 611 '.··
193 527 340 610 scriptores
365 527 566 593 existiment.
614 525 700 590 Sunt
724 538 838 588 autem
861 526 946 589 haec
971 527 1144 612 utriusque
1169 525 1289 589 verba:

154 636 176 731 ἓ
292 653 455 718 Caesar
478 652 518 716 B.
543 652 585 716 G.
949 651 1148 715 Tacitus·

226 756 263 821 lV
284 765 307 824 l.
334 760 461 824 Privati
495 781 536 823 ac
568 759 716 843 separati
815 762 867 822 26.
893 757 980 843 Agri
1003 779 1065 842 pro
1095 779 1235 821 numero
1260 758 1330 822 cul-

152 846 247 949 {agri
266 869 346 952 apud
369 891 428 932 eos
453 867 610 950 (Suebos)
636 867 717 929 nihil
770 877 880 928 torum
913 864 957 928 ab
987 866 1150 929 universis
1180 867 1214 928 in
1238 867 1329 929 vices

147 936 237 1079 {est
256 997 350 1061 neque
380 978 514 1062 longius
546 997 634 1038 anno
665 996 717 1037 re·
770 984 991 1057 occupantur,
1019 994 1104 1058 quos
1132 995 1211 1036 mox
1244 974 1330 1036 inter

137 1070 162 1151 ξ·
189 1099 297 1146 manere
319 1105 383 1147 uno
401 1085 434 1146 in
451 1084 525 1146 loco
546 1082 715 1144 incolendi
769 1101 805 1143 se
858 1081 1045 1144 secundum
1099 1081 1329 1166 dignationem

140 1228 151 1263 ‚-
190 1204 269 1249 causa
289 1190 369 1255 licet.
768 1188 977 1272 partiuntur3
1022 1187 1221 1251 facilitatem
1252 1210 1328 1273 par-

140 1276 152 1369 ⁸:
222 1292 263 1354 Vl
289 1302 335 1363 22.
375 1298 497 1383 Neque
537 1298 714 1382 quisquam
769 1295 873 1357 tiendi
890 1316 1086 1379 camporum
1104 1296 1214 1379 spatia
1230 1318 1330 1381 prae-

187 1401 245 1484 agri
264 1407 389 1469 modum
403 1419 533 1469 certum
558 1418 615 1467 aut
632 1405 714 1467 fines
769 1402 866 1465 bent:
893 1424 974 1465 arva
997 1424 1060 1487 per
1075 1424 1181 1466 annos
1200 1416 1329 1467 mutant

185 1505 268 1571 habet
279 1514 444 1598 proprios3
462 1513 522 1576 sed
537 1514 715 1598 magistra·
769 1522 803 1572 et
827 1522 980 1594 superest
997 1531 1090 1595 ager.
1138 1510 1213 1574 Nec
1238 1513 1326 1574 enim

137 1662 153 1711 :¹1
187 1625 229 1676 tus
254 1635 289 1680 ac
319 1622 488 1706 principes
532 1621 564 1682 in
608 1642 714 1683 annos
770 1638 846 1681 cum
863 1616 1018 1680 ubertate
1034 1631 1092 1681 aut
1109 1619 1328 1703 amplitudine

141 1760 144 1765 ·
187 1720 307 1804 singulos
357 1727 517 1814 gentibus
563 1729 716 1813 cognati-
768 1725 829 1789 soli
868 1725 984 1788 labore
1024 1726 1251 1803 contendunt,
1291 1739 1328 1789 ut

187 1827 341 1920 onibusque
365 1839 548 1914 hominum,
565 1840 622 1924 qui
646 1861 712 1901 una
768 1835 921 1921 pomaria
955 1847 1135 1898 conserant
1173 1847 1206 1897 et
1229 1847 1328 1918 prata

189 1937 327 2022 coierunt,
364 1959 528 2031 quantum
575 1959 609 2010 et
648 1969 715 2032 quo
769 1955 928 2028 separent
974 1954 1008 2005 et
1052 1943 1168 2005 hortos
1208 1943 1328 2026 rigent,

188 2043 247 2107 1000
278 2054 377 2118 visum
416 2068 478 2131 est,
513 2058 586 2142 agri
622 2058 717 2119 attri-
769 2056 841 2120 sola
864 2066 974 2116 terrae
1004 2074 1104 2136 seges
1135 2054 1329 2137 imperatur.

145 2208 148 2219 .
189 2147 271 2218 bunt
299 2176 399 2248 atque
431 2184 519 2226 anno
548 2176 627 2247 post
650 2164 715 2226 alio

149 2322 153 2329 .
188 2265 299 2332 transire
321 2285 458 2357 cogunt.

221 2365 286 2439 Eius
317 2380 364 2442 rei
400 2380 522 2442 multas
567 2380 716 2443 afferunt

189 2493 290 2546 causas.

255 2588 403 2656 Taciturn
427 2595 560 2658 novisse
586 2606 620 2656 et
646 2607 725 2657 ante
742 2593 857 2657 oculos
873 2590 1030 2655 habuisse
1048 2589 1206 2652 Caesaris
1223 2587 1328 2651 verba

190 2709 234 2771 pr⁰
252 2713 336 2765 certo
360 2700 555 2765 habendum
581 2715 648 2781 est3
674 2702 819 2765 eundem
843 2698 1000 2762 Caesaris
1025 2695 1139 2771 verba,
1169 2697 1196 2757 si
1221 2697 1329 2759 minus

170 2816 247 2881 ⁸vera
279 2829 348 2872 esse
382 2808 600 2885 videbantur,
631 2810 800 2894 corrigere
839 2806 1024 2870 identidem
1053 2804 1215 2878 vidimus;
1246 2826 1328 2890 ergo

189 2900 272 2976 Taciti
295 2916 405 2980 verbis
429 2918 522 2999 (licet
545 2918 747 2981 sententiam
771 2937 866 2979 suam
891 2916 998 2977 minus
1016 2912 1163 2977 dilucide
1189 2934 1330 2997 expres-

188 3016 254 3096 serit,
274 3037 329 3087 aut
354 3047 424 3088 rem
448 3026 520 3108 ipse
545 3026 719 3088 nonsatis
744 3023 959 3104 intellexerit)
990 3021 1051 3083 nisi
1083 3033 1202 3104 aperte
1237 3020 1328 3082 refu-

137 3180 140 3209 ÷
188 3129 272 3191 tantu
293 3131 450 3196 Caesaris
491 3131 606 3207 verba,
646 3133 679 3194 in
718 3133 910 3194 uuiversum
945 3127 1083 3213 probari
1120 3139 1211 3191 recte
1249 3148 1329 3190 cen-

137 3222 143 3233 “
187 3247 280 3301 semus.

137 3420 141 3437 .-
251 3343 321 3430 lpse
347 3364 463 3410 eorum
488 3345 700 3431 opinionibus
726 3346 866 3420 acced0‚
898 3344 955 3429 qui
984 3343 1127 3406 eandem
1152 3343 1328 3427 utriusque

137 3480 139 3485 ·
185 3455 357 3517 sententiam
382 3477 455 3518 esse
480 3454 697 3518 arbitrantur.
745 3453 849 3529 Quod
885 3452 973 3514 enim
997 3450 1127 3515 Caesar
1160 3451 1328 3535 expressis

185 3554 271 3623 Verbis
294 3561 375 3625 dicit
402 3563 543 3646 „privati
567 3562 639 3647 agri
665 3561 756 3645 apud
782 3580 839 3623 eos
863 3559 944 3621 nihil
968 3580 1053 3635 esse,
1077 3581 1188 3643 neque
1213 3579 1329 3642 quem-

185 3678 262 3742 quam
284 3669 357 3754 agri
382 3669 519 3732 modum
536 3681 666 3732 certum
683 3681 741 3731 aut
765 3668 847 3729 lines
864 3665 990 3730 habere
1007 3666 1196 3750 proprios“‚
1213 3665 1327 3728 Taciti
1399 3702 1407 3725 s

184 3773 366 3854 temporibus
399 3776 520 3840 eodem
545 3775 646 3840 modo
681 3797 717 3839 se
752 3773 909 3839 habuisse
945 3785 979 3838 et
1015 3774 1156 3858 exprimi
1194 3772 1327 3836 videtur

158 746 171 761 ἰ

152 816 169 847 ὃ·
