2978 4988
628 313 850 373 „40-

247 503 478 588 Comparavit‘
493 504 641 588 Koepke
665 505 751 568 haec
767 504 882 567 Taciti
899 502 1065 588 Pliniique
1093 504 1137 566 de
1156 503 1253 568 Germ

157 611 332 673 sinistram
358 610 472 673 Rheni
491 611 606 696 ripam
631 611 846 674 accolentibus
870 610 993 675 verba:
1040 653 1066 661 ‹
1249 590 1253 600 ι

276 717 448 781 Plinius
472 717 516 781 N.
540 717 584 782 H.
944 718 1151 785 Tacitus,

200 824 249 887 IV
289 829 360 890 106.
407 824 565 888 Rhenum
600 838 715 889 autem
814 831 866 891 28.
906 826 1018 910 Ipsam
1065 825 1185 890 Rheni
1228 827 1255 909 ri]

156 933 350 995 accolentes
390 930 593 996 Germaniae
632 954 715 1018 gen·
769 934 860 996 haud
885 932 985 996 dubie
1003 932 1255 997 Germanorum

156 1040 237 1101 tium
285 1040 318 1101 in
373 1040 493 1103 eadem
540 1041 714 1125 provincia
769 1040 839 1124 puli
863 1040 996 1116 colunt,
1020 1038 1228 1125 Vangiones

158 1145 325 1231 (Belgica)
358 1145 539 1224 Nemetes,
564 1147 714 1224 Triboci,
769 1147 857 1225 boci,
881 1147 1063 1222 Nemetes3
1088 1169 1132 1210 ne
1158 1147 1241 1212 Ubii

157 1253 366 1338 Vangiones,
397 1256 430 1316 in
463 1253 549 1318 Ubis
584 1255 715 1318 colonia
770 1255 865 1333 dem,
919 1275 1127 1340 quamquam
1177 1255 1255 1317 Ron

156 1359 434 1445 Agrippinensis,
459 1359 717 1447 Gugerni-Ba-
770 1364 902 1427 colonia
935 1384 1008 1426 esse
1047 1363 1253 1437 meruerint,

155 1468 225 1529 tavi
248 1480 282 1530 et
294 1489 379 1553 quos
395 1469 428 1531 in
444 1469 558 1532 insulis
571 1469 716 1534 diximus
771 1470 927 1534 libentius
951 1470 1227 1556 Agrippinenses

157 1574 280 1637 Rheni.
771 1579 889 1642 ditoris
913 1579 964 1641 sui
987 1577 1122 1640 nomine
1159 1597 1255 1640 vocer

202 1683 247 1746 ci.
261 1683 311 1745 IV
328 1688 399 1748 101.
417 1685 450 1746 in
463 1685 585 1748 Rheno
603 1698 716 1749 autem
771 1688 901 1772 origine
925 1684 1140 1748 erubescunt.

156 1789 230 1872 ipso
269 1789 474 1854 nobilissima
510 1792 716 1856 Batavorum
816 1795 862 1858 ci.
907 1797 959 1857 29.
1007 1791 1168 1855 Omnium
1214 1791 1255 1853 ha

157 1897 264 1958 insula
298 1910 332 1959 et
363 1896 649 1962 Canneneiatium
683 1912 717 1963 et
770 1902 923 1987 gentium
959 1901 1059 1984 (quae
1096 1920 1115 1960 e
1148 1897 1255 1961 Germ.

158 2002 243 2064 aliae
267 2001 462 2081 Frisiorum,
488 2005 714 2083 Chaucorum,
770 2010 802 2071 in
828 2008 956 2073 Gallias
988 2005 1234 2091 migraverunt)

156 2109 716 2190 Frisiavonum,Sturi0rum,Mar·
771 2129 841 2179 tute
881 2115 1066 2200 praecipue
1102 2110 1225 2175 Batavi

157 2219 342 2295 saciorum,
390 2242 477 2305 quae
523 2233 716 2285 sternuntur
770 2224 910 2286 multum
935 2243 977 2284 ex
1002 2221 1086 2304 ripa,
1104 2219 1165 2282 sed
1189 2220 1255 2281 insu

158 2326 244 2388 inter
273 2326 441 2390 Helinium
480 2349 521 2392 ac
555 2329 716 2403 Flevum3
770 2330 883 2393 Rheni
906 2329 1013 2392 amnis
1038 2327 1162 2390 colunt.

159 2433 205 2495 ita
229 2434 443 2518 appellantur
459 2437 555 2512 ostia,
572 2437 604 2499 in
628 2458 717 2521 quae

158 2541 287 2604 effusus
297 2542 439 2606 Rhenus
452 2565 472 2606 a
488 2545 717 2628 septentrione

158 2648 191 2710 in
215 2647 319 2725 lacus,
332 2649 376 2712 ab
391 2651 568 2714 occidente
592 2651 624 2714 in
648 2673 719 2713 am-

159 2776 236 2816 nem
260 2754 396 2818 Mosam
419 2777 455 2819 se
480 2759 620 2843 spargit.

247 2877 374 2942 Plinius
399 2879 561 2966 Belgicae
585 2883 783 2966 provinciae
800 2894 920 2969 gentes
938 2899 1138 2944 enumerans
1163 2878 1256 2940 sinist

160 2984 272 3048 Rheni
297 2987 404 3070 ripam
429 2989 583 3051 accolere
609 2988 856 3054 Germanorum
881 3001 1002 3074 gentes
1026 2985 1126 3049 dicit:
1151 2982 1255 3046 Tribo

159 3092 343 3170 Nemetes,
383 3092 602 3179 VangioneS,
638 3096 767 3172 Ubios;
812 3097 951 3160 eosdem
990 3094 1141 3157 nominat
1178 3091 1254 3153 Tac

158 3201 215 3284 qui
240 3213 377 3284 praeter
411 3202 483 3264 illas
522 3224 564 3264 ex
600 3203 672 3266 aliis
696 3203 858 3290 Belgicae
892 3201 1060 3289 gentibus,
1095 3221 1180 3285 quas
1204 3197 1256 3260 Pli

160 3319 345 3384 enumerat,
369 3308 540 3372 Treveros
574 3323 608 3372 et
632 3309 777 3374 Nervios
801 3309 1006 3374 Germanica
1040 3307 1169 3392 origine
1194 3305 1252 3391 glo

160 3414 251 3477 dicit.
300 3414 487 3499 Respicere
512 3416 645 3480 videtur
670 3416 864 3494 Caesarem,
889 3417 946 3502 qui
969 3415 1021 3497 (B.
1055 3414 1096 3477 G.
1131 3413 1169 3475 ΙΙ.
1206 3415 1239 3494 4)

163 3521 361 3606 ,plerosque
379 3522 504 3607 Belgas
522 3544 595 3586 esse
619 3536 711 3586 ortos
736 3522 780 3587 ab
797 3523 977 3587 Germanis
994 3522 1222 3603 Rhenumque
1248 3542 1255 3582 r

160 3628 271 3713 quitus
297 3629 504 3705 traductos“‚
530 3628 676 3692 Nervios
701 3642 814 3692 autem
839 3629 881 3712 (ll
909 3632 961 3712 15)
987 3641 1020 3691 et
1044 3626 1255 3708 Treveros(

160 3737 214 3817 25)
239 3737 448 3819 potissimum
476 3735 617 3815 ,virtute
642 3748 675 3799 et
699 3737 834 3800 feritate
859 3758 926 3799 non
943 3737 1083 3799 multum
1106 3757 1126 3798 a
1150 3732 1255 3797 Germ

161 3842 331 3905 differre.“
387 3843 441 3905 Ex
487 3844 668 3905 insularum
715 3844 831 3906 incolis
873 3844 1014 3907 Tacitus
1055 3841 1144 3905 solos
1181 3840 1255 3903 Batr

159 3951 318 4026 nominat,
343 3951 412 4013 sive
437 3950 529 4036 quod
552 3950 634 4014 alias
659 3971 725 4011 non
749 3948 871 4025 Rheni,
896 3949 957 4013 sed
981 3951 1080 4013 maris
1105 3948 1229 4011 insulas
1254 3987 1255 3991 =

160 4069 251 4121 recte
282 4056 463 4134 iudicabat,
487 4058 558 4120 sive
582 4058 675 4141 quod
703 4057 745 4119 de
770 4058 832 4119 illis
862 4056 1021 4142 gentibus
1052 4069 1171 4141 postea
1203 4059 1245 4138 (e.

162 4169 212 4229 35.
238 4166 281 4227 de
305 4165 420 4228 Frisiis
444 4177 478 4228 et
503 4164 663 4247 Chaucis)
688 4166 838 4228 dicturus
862 4176 944 4226 erat.
