2978 4988
634 323 857 384 „42-

153 495 276 569 voluit3
321 496 435 581 itaque
477 496 681 582 singularum
715 497 867 582 gentium
901 496 1039 563 se'dibus
1079 502 1186 586 quasi
1220 503 1320 567 adum

154 603 260 667 bratis
284 605 398 667 statim
422 605 466 667 ad
491 625 622 667 morum
646 604 908 688 descriptionem
932 607 1088 671 transit.1
1136 607 1189 673 Et
1221 609 1322 674 Albim

154 710 278 773 flumen
291 733 358 774 non
372 711 657 786 commemoravit,
676 722 712 772 ut
729 731 863 774 cursum
881 713 952 776 eius
960 712 1140 779 Romanos
1160 717 1323 793 edoceret

153 818 214 881 sed
225 819 456 883 describendis
467 819 721 895 Hermunduris,
731 820 764 881 in
777 819 899 904 quibus
908 820 1022 885 Albim
1034 823 1114 886 oriri
1123 824 1220 889 falso
1228 836 1326 910 putat,

153 926 345 990 admonitus
369 929 415 990 ait
431 926 554 989 flumen
572 925 652 989 illud
670 925 748 988 olim
765 926 1038 1010 expeditionibus
1054 928 1174 1006 Drusi,
1194 931 1326 1006 Tiberii,

154 1033 347 1097 Germanici
373 1034 450 1098 illuc
473 1055 580 1118 usque
605 1032 705 1095 factis
730 1032 892 1096 inclutum
917 1046 951 1097 et
976 1047 1094 1098 notum
1127 1038 1257 1116 fuisse,
1283 1061 1329 1103 su-

152 1142 279 1226 peratis
296 1164 377 1205 vero
403 1154 436 1205 et
460 1153 553 1205 trans
576 1139 737 1202 Rhenum
771 1141 913 1225 repulsis
938 1142 1103 1207 Romanis
1128 1145 1329 1211 fortitudine

154 1248 410 1325 Germanorum,
427 1250 494 1311 iam
509 1248 678 1311 neminem
693 1247 766 1310 fere
785 1269 859 1312 esse
875 1247 1018 1326 Romae,
1041 1251 1098 1335 qui
1116 1252 1195 1336 ipse
1213 1254 1330 1317 viderit

152 1358 288 1434 flumen,
304 1358 475 1421 audiendo
499 1368 630 1421 tantum
654 1356 807 1418 notitiam
832 1357 903 1420 eius
926 1357 1054 1422 habere
1078 1359 1276 1425 Romanos·

242 1465 285 1528 lrz
314 1463 457 1528 Chaucis
480 1462 701 1527 describendis
724 1483 750 1524 c.
774 1481 822 1541 35
845 1463 987 1528 Tacitus
1011 1488 1031 1529 a
1048 1463 1159 1530 Plinio
1186 1469 1330 1531 maxime
1367 1442 1370 1537 l

155 1554 318 1618 dissentit.

273 1662 444 1726 Plinius
468 1661 512 1725 N.
537 1660 580 1725 H.

197 1768 284 1832 XVI
309 1775 337 1834 2.
356 1769 573 1833 Chaucorum
590 1769 710 1831 misera

152 1898 237 1962 gens
280 1877 424 1940 tumulos
462 1878 593 1960 optinet
626 1875 711 1938 altos

154 2005 216 2046 ceu
226 1983 404 2046 tribunalia
418 1996 589 2046 exstructa
607 1983 709 2044 mani-

152 2090 215 2154 bus
243 2092 287 2154 ad
312 2092 545 2176 experimenta
561 2091 712 2153 altissimi

151 2211 280 2274 aestuS,
329 2199 415 2262 casis
461 2199 507 2261 ita
538 2198 711 2282 impositis,

153 2305 390 2391 navigantibus
403 2306 525 2368 similes
539 2325 615 2368 cum
628 2305 712 2367 inte-

152 2424 235 2497 gant
259 2434 369 2497 aquae
394 2412 614 2487 circumdata,
631 2433 713 2473 nau-

152 2519 259 2604 fragis
282 2541 374 2595 ver0‚
400 2542 476 2583 cum
501 2519 712 2592 recesserint,

152 2626 390 2711 fugientesque
436 2647 512 2690 cum
548 2627 630 2688 mari
664 2627 714 2709 pi-

151 2754 226 2796 sces
258 2734 347 2796 circa
376 2734 510 2818 tuguria
538 2744 712 2795 venantur.

153 2838 232 2902 Non
271 2840 440 2924 pecudem
486 2840 536 2901 his
575 2838 712 2914 habere,

152 2968 219 3008 non
242 2947 331 3009 lacte
354 2946 397 3008 ali
423 2958 458 3008 ut
482 2946 645 3022 finitimis,
670 2968 712 3008 ne

153 3074 229 3117 cum
265 3055 347 3116 ieris
381 3054 519 3138 quidem
551 3053 712 3116 dimicare

153 3162 319 3246 contingit
343 3161 431 3223 omni
453 3160 572 3244 procul
589 3159 712 3224 abacto

152 3268 314 3341 frutice3.
341 3317 348 3330 .
373 3280 474 3352 potus
498 3289 564 3330 non
589 3269 649 3330 nisi
670 3290 712 3330 ex

153 3373 258 3437 imbre
290 3387 425 3437 servato
451 3374 638 3438 scrobibus.
667 3375 713 3438 Et

153 3481 216 3543 hae
233 3494 353 3566 gentes
370 3482 396 3543 si
415 3482 591 3544 vincantur
612 3483 711 3544 hodie

153 3609 172 3649 a
189 3589 315 3673 populo
332 3589 501 3665 Romanu,
525 3590 649 3652 servire
676 3611 712 3651 se

153 3695 289 3758 dicunt!
308 3696 359 3758 lta
376 3709 426 3759 est
443 3697 601 3780 profecto
613 3721 620 3759 ε
631 3699 714 3760 mul-

153 3803 194 3863 tis
219 3803 355 3866 fortuna
379 3805 489 3887 parcit
506 3805 537 3865 in
555 3826 710 3888 poenam.

948 1662 1153 1726 Tacstus

797 1773 848 1832 35.
860 1769 1062 1832 Immensum
1071 1780 1245 1834 terrarum
1260 1794 1332 1858 spa·

765 1876 1332 1955 tiumnontenenttantumChauci‚

766 1982 826 2046 sed
843 1995 877 2046 et
904 1984 1053 2068 implent,
1070 1985 1223 2068 populus
1250 1988 1333 2050 inter

766 2089 956 2153 Germanos
989 2090 1237 2170 nobilissimuS‚
1262 2095 1333 2179 qui·

766 2219 831 2282 que
844 2199 1110 2283 magnitudinem
1125 2220 1226 2262 suam
1241 2201 1333 2263 malit

767 2305 891 2367 iustitia
925 2306 1020 2368 tueri.
1083 2304 1165 2369 Siue
1199 2308 1335 2393 cupidi·

767 2423 853 2488 tate,
877 2413 948 2474 sine
973 2413 1190 2496 impotentia,
1229 2415 1334 2498 quieti

767 2519 956 2603 secretique
1005 2519 1094 2581 nulla
1137 2535 1334 2603 provocant

767 2624 874 2701 bella,
921 2625 1018 2688 nullis
1065 2625 1220 2709 raptibus
1277 2642 1334 2692 aut

768 2732 948 2794 latrociniis
986 2733 1204 2817 populantur.
1265 2734 1334 2798 Sed

767 2841 987 2923 praecipuum
1000 2841 1132 2902 virtutis
1146 2860 1188 2903 ac
1210 2842 1334 2905 virium

767 2959 1002 3031 argumentum
1047 2959 1120 3023 est,
1159 2949 1257 3032 quod
1299 2962 1335 3013 ut

767 3055 956 3138 superiores
988 3066 1111 3140 agant,
1153 3076 1222 3118 non
1272 3080 1336 3142 per

767 3161 901 3223 iniurias
910 3174 1144 3246 assequuntur.
1162 3160 1334 3249 Prompta

767 3280 879 3330 tamen
905 3267 1059 3330 omnibus
1084 3290 1176 3330 arma
1210 3290 1274 3346 ae,
1308 3272 1335 3336 si

768 3396 820 3436 res
845 3387 986 3458 poscat,
1011 3375 1196 3449 exercituS,
1227 3376 1336 3459 pluri-

768 3503 857 3542 mum
891 3482 1036 3543 virorum
1077 3502 1336 3569 equorumque;

768 3601 800 3652 et
817 3589 1069 3674 quiescentibus
1086 3589 1206 3652 eadem
1224 3590 1335 3656 fama.

243 3936 252 3964 ¹
273 3937 358 3994 Quod
378 3954 401 3986 e.
422 3940 446 3987 2.
467 3939 647 3991 Germaniam
663 3941 828 4004 ,informem
849 3941 939 4004 terris,
959 3952 1087 4000 asperam
1108 3936 1196 3996 caelo,
1216 3939 1336 3989 tristem

155 4029 231 4077 cultu
252 4026 441 4091 aspectuque“
464 4028 548 4088 dicit,
578 4029 771 4078 demonstrare
801 4028 873 4088 vult,
904 4027 1061 4076 Germanos
1090 4024 1237 4088 indigenas
1267 4042 1335 4080 esse

155 4119 324 4181 minimeque
354 4119 468 4167 aliarum
500 4121 624 4182 gentium
654 4118 822 4167 adventibus
851 4119 962 4176 mixtos,
1002 4130 1065 4163 cum
1095 4114 1236 4162 neminem
1275 4118 1335 4167 alia

156 4212 229 4255 terra
250 4208 347 4255 relicta
368 4207 546 4256 Germaniam
566 4209 718 4269 petiturum
739 4205 825 4254 fuisse
847 4207 996 4253 existimet.
