2994 4988
643 399 866 461 ..62-

170 600 423 663 commemorat,
462 600 499 650 ut
537 587 672 673 linguae
708 590 837 652 ratione
872 588 988 652 habita
1024 590 1197 669 diiudicet,
1231 607 1345 657 utrum

169 695 286 780 populi
318 694 497 759 Germanis
521 694 711 757 ascribendi
747 696 812 758 sint
837 717 954 759 necne.
1010 695 1102 759 Num
1131 700 1207 783 quis
1241 701 1345 786 igitur

170 802 284 865 dicere
319 801 444 864 audeat
479 801 639 864 Tacitum
674 802 783 886 ipsum
818 803 851 864 in
876 803 937 866 illis
976 805 1071 867 terris
1097 819 1345 871 commoratum

170 922 240 972 tam
264 921 459 972 accuratam
483 909 631 970 omnium
655 908 876 972 dialectorum
901 911 1129 995 cognitionem
1154 912 1217 975 sibi
1242 937 1346 998 para-

171 1014 279 1079 visse?
319 1014 496 1099 Nusquam
533 1014 683 1099 profiteri
718 1016 878 1079 Tacitum
913 1038 949 1079 se
984 1039 1046 1095 ,ex
1071 1018 1222 1095 incolis“,
1249 1021 1344 1104 quod

170 1122 305 1207 supplet
328 1121 437 1197 Kritz,
462 1122 665 1205 comperisse
689 1123 733 1205 .(c.
759 1124 803 1204 9),
828 1124 1002 1207 accepisse
1038 1126 1081 1206 (c.
1108 1127 1175 1207 27),
1207 1128 1343 1189 novisse

171 1232 213 1312 (c.
240 1231 306 1311 35),
341 1250 428 1313 quae
465 1228 576 1304 tradit,
608 1229 759 1311 ipsumve
792 1229 981 1293 Germanos
1017 1231 1221 1312 carminibus
1255 1234 1346 1298 cele-

170 1337 308 1401 brantes
333 1339 374 1419 (c.
400 1338 433 1418 2)
458 1336 625 1399 audivisse
651 1336 707 1398 vix
732 1348 792 1411 est,
817 1338 909 1421 quod
926 1359 1092 1400 moneam.
1123 1337 1216 1402 Nihil
1241 1341 1346 1425 igitur

170 1446 203 1507 in
227 1443 311 1507 libro
329 1443 444 1506 Taciti
468 1443 576 1505 inesse
594 1463 727 1518 censeo,
747 1444 849 1527 quod,
875 1444 935 1507 nisi
960 1445 992 1507 in
1010 1444 1193 1509 Germania
1210 1447 1344 1525 fuisset,

170 1551 318 1614 scribere
343 1572 409 1613 non
434 1550 593 1635 potuerit.
934 1559 936 1562 ’

261 1765 331 1827 lam
348 1786 429 1828 vero
452 1764 666 1848 inquiramus,
685 1764 899 1847 scripseritne
917 1765 1043 1850 aliquid
1060 1766 1213 1844 Tacitus,
1239 1770 1346 1853 quod,

171 1875 198 1938 si
221 1875 293 1958 ipse
317 1874 350 1934 in
375 1871 558 1936 Germania
583 1870 708 1946 fuisset,
734 1892 800 1934 non
824 1872 1023 1955 scripsisset.

260 1995 554 2060 Praemonendum
578 1996 643 2058 hoc
667 1995 742 2058 loco
767 1995 911 2071 videtur,
937 2018 979 2059 ex
1004 2019 1055 2074 eo,
1080 1999 1173 2083 quod
1197 1999 1347 2064 Tacitus

170 2105 346 2169 nonnullas
370 2126 423 2166 res
448 2125 514 2166 non
539 2115 698 2166 accurate
722 2103 912 2188 descripsit,
929 2126 991 2188 per
1014 2127 1050 2168 se
1075 2127 1143 2168 non
1160 2129 1343 2191 apparere,

172 2211 204 2274 id
228 2211 321 2296 quod
344 2209 549 2273 Baumstark
573 2222 671 2293 putat
686 2213 704 2285 ¹,
729 2210 838 2294 ipsum
871 2232 928 2273 eas
953 2233 1018 2273 non
1044 2212 1177 2276 vidisse.
1228 2214 1344 2278 Potuit

170 2318 328 2404 profecto
352 2319 452 2380 homo
469 2316 645 2379 Romanus
669 2317 702 2378 in
719 2316 902 2380 Germania
926 2317 1132 2403 aliquamdiu
1157 2324 1286 2384 versari
1311 2335 1341 2386 et

170 2439 283 2488 tamen
308 2425 340 2486 in
364 2425 499 2487 externi·
518 2423 634 2508 populi
658 2423 770 2499 rebus,
796 2444 884 2509 quae
907 2448 928 2488 a
943 2424 1178 2490 Romanorum
1202 2450 1339 2512 prorsus

170 2532 409 2607 abhorrebant,
444 2533 506 2594 etsi
542 2532 672 2594 viderat
702 2532 933 2608 audieratve,
963 2546 1057 2596 recte
1092 2537 1339 2619 cognoscendis

171 2651 273 2725 atque
305 2640 528 2703 diiudicandis
560 2639 658 2701 valde
683 2660 806 2700 errare.
854 2638 965 2724 Saepe
996 2653 1110 2703 autem
1130 2642 1244 2705 minus
1269 2665 1340 2727 per·

171 2748 288 2832 spicua
312 2758 389 2809 sunt
415 2744 517 2809 verba
542 2746 665 2821 Taciti,
694 2745 786 2830 quod
811 2747 912 2808 nimia
936 2747 991 2809 illa
1015 2747 1149 2811 dicendi
1174 2748 1340 2814 brevitate

171 2832 383 2938 concisisque
408 2854 581 2916 sententiis
612 2874 691 2915 usus
716 2863 777 2915 est.
825 2852 1044 2938 Quamquam
1069 2856 1106 2930 is,
1138 2856 1196 2939 qui
1221 2878 1276 2920 res
1301 2878 1342 2920 ex

171 2963 312 3025 aliorum
335 2959 648 3044 percontationibus
672 2958 806 3022 librisve
824 2962 978 3046 cognitas
1000 2961 1172 3039 describit,
1199 2963 1343 3039 facilius,

172 3091 273 3154 quam
303 3071 361 3153 qui
385 3069 456 3152 ipse
481 3068 564 3130 vidit
588 3079 621 3130 et
645 3068 806 3143 interfuit,
841 3069 873 3128 in
898 3087 1045 3131 errorem
1077 3068 1257 3131 inducitur.
1305 3070 1344 3132 Id

173 3177 265 3261 quod
289 3177 412 3239 Tacito
444 3175 568 3238 accidit
603 3176 635 3237 in
670 3175 720 3250 iis,
752 3196 838 3259 quae
870 3174 912 3237 de
937 3173 1179 3237 Bructerorum
1209 3176 1344 3240 excidio

173 3283 311 3346 tradidit
329 3285 370 3365 (c.
390 3285 460 3365 33);
477 3282 659 3345 Bructeros
684 3283 771 3344 enim
795 3303 861 3345 non
880 3282 1011 3345 excisos
1029 3303 1112 3358 esse,
1137 3282 1198 3344 sed
1222 3296 1344 3367 postea

172 3391 205 3452 in
230 3390 337 3453 isdem
360 3389 497 3452 sedibus
522 3389 690 3452 habitasse
717 3394 876 3451 constat.²
906 3387 960 3450 Ex
984 3387 1082 3450 Plinii
1106 3401 1221 3451 autem
1246 3391 1343 3474 epist.

173 3496 203 3559 ΙΙ
230 3500 275 3572 7‚³
307 3518 394 3581 quae
419 3497 544 3580 scripta
576 3510 637 3572 est,
660 3508 840 3580 postquam
874 3517 927 3559 res
951 3496 982 3558 in
1007 3507 1126 3558 senatu
1150 3495 1259 3558 relata
1283 3509 1344 3573 est,

265 3728 273 3756 ¹
293 3729 470 3779 Urdeutsche
491 3729 772 3778 Staatsalterthtimer
791 3743 817 3791 p.
837 3730 879 3778 47.

264 3816 362 3866 ²Plin.
383 3833 425 3880 ep.
444 3819 470 3867 II
491 3820 514 3880 t,
534 3819 715 3867 Ptolemaeus
734 3819 761 3867 Π
781 3820 822 3879 11,
845 3820 894 3878 18;
914 3817 971 3867 tab.
991 3819 1121 3881 Peuting.

264 3904 366 3955 ³Here
386 3923 402 3955 a
421 3914 520 3956 senatu
540 3909 681 3957 Vestricio
702 3908 856 3970 Spurinnae
880 3908 1005 3970 principe
1030 3911 1146 3955 auctore
1167 3907 1342 3970 triumphalis

174 4004 266 4046 statua
286 3997 400 4045 decreta
421 4002 471 4045 est.
501 3998 572 4044 Nam
587 3997 716 4059 Spurima
735 3997 901 4044 Bructerum
922 4010 1018 4059 regem
1038 3997 1064 4042 vi
1085 4001 1113 4043 et
1132 3996 1216 4044 armis
1236 3995 1342 4044 induxit

173 4089 201 4135 in
220 4101 336 4150 regnum
358 4091 557 4148 ostentatoque
580 4086 653 4134 bello
672 4085 877 4134 ferocissimam
897 4090 1020 4149 gentem,
1040 4085 1116 4148 quod
1136 4090 1178 4133 est
1192 4084 1356 4148 pulcherri-

174 4191 250 4224 mum
269 4176 406 4224 victoriae
430 4178 527 4238 genus,
556 4179 664 4224 terrore
693 4173 879 4237 perdomuit“,
904 4173 940 4224 cf.
960 4174 1078 4239 Dilthey
1105 4174 1132 4221 in
1159 4173 1225 4223 edit.
1246 4173 1330 4224 Germ

103 4273 110 4287 ⁹
176 4266 252 4328 1823,
273 4265 443 4316 Mommsen:
464 4264 582 4314 Hermes
600 4263 641 4314 ΙΠ
660 4265 702 4326 29,
722 4262 839 4312 Asbach
858 4262 875 4311 1.
894 4262 911 4313 1.
930 4279 956 4328 p.
977 4265 992 4313 3
1012 4278 1076 4329 sqq.
