2994 4988
558 358 778 420 ..39-

68 549 273 628 Sueborum,
306 561 343 615 ut
375 550 510 636 ingenia
542 571 719 635 moresque
750 550 940 627 illustraret,
966 571 1137 614 comarum
1162 551 1244 615 oris-

68 681 136 744 que
162 657 324 722 habitum.

162 765 198 828 ln
228 765 349 828 vestitu
384 764 632 828 Germanorum
662 763 889 828 describendo
923 768 965 846 (c.
999 767 1050 847 lt)
1085 764 1243 829 Caesaris

68 874 336 957 descriptionem
360 872 484 936 Tacito
510 871 725 962 obversatam
749 893 822 935 esse
847 894 950 957 supra
966 872 1119 936 vidimus.
1145 870 1243 934 Plinii

65 1001 206 1065 quoque
242 979 285 1043 de
323 979 444 1042 eadem
479 1000 514 1042 re
552 977 655 1042 verba
691 979 860 1063 quaedam
896 999 973 1042 cum
1004 979 1116 1042 Taciti
1152 999 1244 1042 com-

63 1087 183 1172 parari
206 1099 365 1170 possunt:

198 1191 371 1255 Plinius
395 1191 438 1255 N.
464 1180 529 1256 HJ
858 1192 1061 1256 Tacitus·

114 1299 203 1363 XIX
216 1304 245 1365 8.
264 1298 395 1363 Galliae
413 1300 486 1362 vela
500 1312 629 1376 texunt,
732 1305 780 1365 17.
805 1299 987 1385 Tegumen
1011 1299 1165 1364 omnibus
1190 1321 1243 1363 sa·

64 1408 137 1470 iam
162 1407 297 1491 quidem
330 1420 363 1470 et
396 1409 629 1470 transrhenani
683 1428 765 1491 gum
789 1455 796 1470 .
822 1456 829 1470 .
856 1455 862 1470 .
898 1427 960 1470 nec
994 1407 1077 1469 alius
1101 1405 1241 1483 feminis

63 1515 196 1589 hosteS,
209 1534 273 1577 nec
289 1513 517 1597 pulchriorem
529 1513 629 1576 aliam
683 1535 784 1598 quam
804 1516 881 1577 viris
905 1513 1049 1590 habitus,
1071 1514 1132 1577 nisi
1149 1514 1241 1598 quod

62 1632 324 1683 vestemeorum
337 1621 484 1684 feminae
493 1641 627 1684 novere.
683 1621 829 1685 feminae
844 1622 978 1705 saepius
989 1621 1098 1683 linteis
1113 1621 1242 1684 amicti-

63 1775 72 1790 .
100 1775 108 1790 .
137 1774 145 1789 .
171 1727 203 1789 in
222 1726 404 1791 Germania
429 1739 542 1789 autem
566 1725 627 1790 sub
682 1726 745 1791 bus
769 1729 932 1792 velantur.

62 1847 160 1897 terra
184 1834 219 1896 id
243 1856 327 1917 opus
351 1846 467 1919 agunt.
727 1835 772 1898 ci.
807 1839 856 1899 16.
890 1833 1008 1899 Solent
1044 1846 1078 1897 et
1110 1833 1241 1898 subter-

683 1963 803 2004 raneos
828 1962 950 2026 specus
974 1942 1116 2026 aperire.

158 2047 214 2109 Ex
239 2046 335 2110 Plinii
361 2046 452 2110 libris
476 2047 629 2124 Tacitus,
654 2070 741 2134 quae
768 2049 811 2112 de
836 2050 1035 2112 feminarum
1060 2049 1239 2114 amictibus

61 2155 172 2218 textis
196 2154 309 2230 tradit,
334 2156 484 2217 hausisse
509 2155 652 2232 videtur,
670 2177 747 2220 cum
764 2155 892 2220 Caesar
916 2157 1005 2220 viros
1028 2157 1238 2240 potissimum

62 2261 277 2346 eosdemque
302 2262 493 2338 militantes,
506 2284 572 2324 non
590 2264 733 2326 feminas
750 2263 841 2326 domi
854 2276 995 2348 agentes
1010 2265 1236 2348 cognovisset.
1308 2335 1310 2338 y

163 2365 328 2430 Convzbia
352 2367 601 2432 Germanorum
625 2369 820 2433 describens
845 2373 887 2452 (c.
912 2372 970 2451 22)
987 2369 1129 2433 Tacitus
1153 2372 1238 2433 haec

59 2474 168 2538 Plinii
202 2473 305 2537 verba
341 2474 398 2557 (N.
434 2474 477 2539 H.
510 2475 544 2538 X
581 2478 675 2558 taut:
714 2475 880 2555 ,Urorum
912 2475 1068 2539 cornibus
1102 2475 1237 2540 barbari

57 2582 348 2666 septentrionales
382 2595 503 2667 potant
535 2584 694 2667 urnisque
726 2584 793 2645 vini
826 2584 946 2667 capitis
978 2584 1074 2646 unius
1111 2603 1237 2647 cornua

56 2687 258 2772 complent“
298 2689 418 2751 eadem
454 2690 496 2752 de
533 2711 646 2766 causa,
680 2712 747 2775 qua
778 2689 935 2754 Caesaris
975 2691 1018 2753 de
1051 2690 1170 2753 eadem
1201 2713 1237 2754 re

57 2793 172 2858 verba
210 2794 272 2876 (VI
309 2797 388 2877 28)1
423 2818 490 2858 non
525 2798 683 2881 respexit.
731 2796 924 2860 Cerevisiae
961 2798 1110 2874 nomine,
1145 2797 1238 2882 quod

56 2902 194 2967 Plinius
229 2901 331 2964 XXll
368 2907 406 2967 81
445 2902 558 2978 habet,
595 2903 736 2967 Tacitus
772 2904 905 2968 videtur
939 2926 1005 2967 non
1043 2925 1121 2968 usus
1152 2926 1237 2982 esse,

58 3008 160 3094 quod
184 3008 349 3073 Romanis
384 3032 451 3073 non
487 3011 568 3073 satis
605 3022 720 3074 notum
757 3025 845 3086 erat,
882 3011 999 3074 melius
1035 3033 1108 3075 esse
1143 3023 1236 3075 ratus

57 3128 184 3202 potum
210 3117 318 3201 ipsum
342 3117 533 3180 accuratius
558 3117 769 3195 describere,
803 3140 905 3203 quam
937 3140 1059 3183 nomen
1084 3120 1236 3204 ignotum

59 3223 203 3287 afferre.

154 3329 191 3392 In
215 3330 295 3391 cibis
319 3329 567 3394 Germanorum
591 3332 732 3394 Tacitus
756 3333 798 3414 (c.
822 3353 842 3392 2
844 3334 884 3414 3)
912 3337 1101 3412 ,caseum“,
1134 3354 1236 3419 quem

60 3436 196 3500 Caesar
230 3437 344 3511 affert,
381 3438 539 3500 omittens
578 3438 651 3517 ,lac
688 3446 902 3502 concretum“
942 3452 1115 3503 enumerat
1150 3441 1235 3504 haec

61 3543 163 3606 Plinii
189 3545 372 3628 respiciens
397 3543 518 3607 verba:
544 3544 607 3627 (XI
633 3548 719 3627 239).
756 3545 899 3625 ,Mirum
921 3546 1083 3610 barbaras
1104 3560 1235 3633 gentes,

64 3671 152 3734 quae
178 3650 264 3713 lacte
290 3652 415 3726 vivant,
440 3653 596 3737 ignorare
621 3665 680 3715 aut
704 3675 863 3736 spernere
889 3666 938 3716 tot
968 3654 1111 3717 saeculis
1145 3656 1235 3717 casei

63 3757 189 3833 dotem,
217 3757 398 3820 densantes
422 3759 456 3821 id
480 3759 604 3842 alioqui
629 3761 662 3821 in
685 3781 821 3823 acorem
845 3761 1027 3825 iucundum
1052 3774 1085 3824 et
1108 3763 1235 3847 pingue

65 3860 235 3947 butyrum.
283 3863 411 3948 Spuma
437 3866 470 3928 id
495 3878 545 3928 est
569 3866 657 3928 lacte
691 3867 881 3930 concretior
911 3868 1098 3953 lentiorque
1132 3890 1235 3953 quam

70 3971 157 4052 quod
181 3991 292 4033 serum
316 3977 476 4035 vocatur“
491 3976 511 4035 2.

152 4128 162 4157 ¹
182 4130 218 4180 cf.
238 4146 321 4194 supra
341 4148 367 4195 p.
388 4134 429 4182 30.

151 4217 161 4248 ²
183 4219 218 4269 cf.
240 4235 323 4283 supra
342 4237 368 4284 p.
389 4223 430 4270 31.
