2978 4988
632 347 854 408 ..46-

158 534 277 598 umbra
301 557 368 598 non
393 536 524 621 erigant
541 534 710 612 tenebras,
728 537 884 620 intraque
910 535 1042 599 caelum
1068 550 1101 600 et
1126 538 1208 600 siden

159 641 279 705 cadat“
308 641 405 727 (Agr.
434 643 498 724 12),
521 643 619 705 huius
648 643 705 719 rei,
741 654 778 705 ut
802 643 952 719 aliarum,
979 665 1119 707 causam
1151 665 1187 707 ex

157 771 268 812 rerum
293 749 589 833 comtemplatione
613 750 804 833 profectam
828 750 968 813 addens.

245 881 526 946 Luculentissime
551 882 710 946 Tacitum
727 882 813 945 Plini
837 882 941 947 verba
966 885 999 947 in
1016 907 1113 948 usum
1130 907 1208 948 suun

157 991 297 1053 vertisse
323 1003 466 1074 apparet
490 990 523 1052 in
547 991 596 1067 iis,
621 1011 708 1075 quae
734 990 773 1051 de
796 990 915 1053 electro
939 992 1089 1055 tradunt.

282 1141 455 1205 Plinius
479 1141 523 1205 N.
549 1141 591 1204 H.

200 1247 377 1310 XXXVII
412 1254 463 1313 42.
489 1247 631 1311 Certum
663 1259 714 1312 est

155 1356 250 1441 gigni
263 1356 296 1417 in
313 1355 426 1417 insulis
443 1355 714 1439 septentrionalis

156 1461 287 1525 Oceani
311 1473 345 1525 et
377 1461 420 1524 ab
445 1461 623 1525 Germanis
655 1484 715 1546 ap-

155 1569 272 1653 pellari
303 1569 456 1654 glaesum
487 1617 627 1633 .....
644 1569 715 1632 Na-

155 1664 264 1739 scitur*
292 1689 405 1739 autem
437 1676 606 1739 defluente
647 1698 716 1739 me·

155 1782 246 1846 dulla
269 1783 358 1866 pinei
375 1784 511 1867 generis
524 1783 712 1862 arboribuS,

156 1901 191 1953 ut
215 1890 355 1952 cummis
379 1889 411 1951 in
436 1891 578 1966 cerasis,
603 1892 713 1954 resina

154 2000 186 2061 in
225 1999 322 2082 pinis
394 1997 550 2083 Erumpit
589 2001 713 2061 umoris

154 2104 382 2181 abundantia,
407 2105 569 2168 densatur
601 2107 713 2191 rigore

155 2213 208 2274 vel
240 2225 392 2297 tempore
417 2226 475 2276 aut
510 2215 610 2289 mari,
636 2236 712 2277 cum

154 2341 233 2383 vere
257 2320 483 2383 intumescens
516 2333 629 2384 aestus
661 2344 713 2385 ra-

153 2428 226 2511 puit
243 2449 285 2490 ex
299 2429 429 2502 insulis;
456 2441 548 2493 certe
566 2431 597 2491 in
616 2430 712 2492 litora

154 2536 333 2618 expellitur
378 2536 424 2598 ita
471 2535 629 2612 volubile,
676 2549 712 2599 ut

153 2641 302 2724 pendere
327 2642 482 2705 videatur
505 2664 609 2726 aqua,
645 2665 711 2705 non

153 2748 263 2811 sidere
287 2750 321 2810 in
346 2749 444 2812 vado

198 2886 250 2945 43.
290 2880 433 2944 Arboris
473 2903 590 2945 sucum
636 2905 709 2946 esse

153 2988 253 3050 etiam
278 2989 378 3072 prisci
404 2990 507 3051 nostri
534 2990 709 3052 credidere

153 3095 196 3159 ob
236 3096 269 3158 id
309 3097 461 3159 sucinum
489 3098 709 3181 appellantes

152 3201 246 3265 Pinei
279 3215 392 3266 autem
423 3206 557 3288 generis
581 3203 710 3267 arboris

152 3330 225 3372 esse
265 3309 388 3373 indicio
428 3322 479 3372 est
518 3312 637 3394 pineus
677 3312 709 3372 in

152 3416 278 3479 adtritu
302 3416 387 3479 odor
411 3429 444 3479 et
473 3418 565 3502 quod
589 3439 711 3481 accen-

152 3544 224 3586 sum
250 3523 371 3586 taedae
396 3524 497 3586 modo
528 3545 568 3587 ac
593 3524 709 3587 nidore

152 3630 284 3716 flagrat.
366 3659 368 3663 ¹

177 3762 419 3848 46.Liquidum
429 3763 463 3827 id
473 3765 583 3848 primo
595 3765 709 3828 destil-

152 3869 221 3933 lare
257 3883 458 3956 argumento
497 3884 574 3935 sunt
607 3894 711 3958 quae-

153 3978 231 4041 dam
277 3979 366 4042 intus
413 3979 627 4056 traducenda,
674 3993 710 4043 ut

152 4085 316 4148 formicae
353 4086 544 4172 culicesque
585 4100 618 4149 et
663 4087 711 4151 la-

153 4204 277 4269 certae,
302 4214 389 4278 quae
418 4193 610 4259 adhaesisse
641 4218 739 4258 mua

949 1142 1146 1207 Tacitus.

814 1254 866 1313 45.
893 1248 1001 1312 Aestii
1018 1273 1112 1314 mare
1138 1273 1208 1314 scru

769 1378 809 1420 ac
863 1359 924 1420 soli
971 1360 1119 1421 omnium
1167 1382 1208 1421 snt

770 1465 861 1548 quod
900 1467 962 1549 ipsi
1000 1467 1154 1552 glaesum
1194 1490 1208 1527 v

768 1571 855 1633 inter
879 1572 967 1635 vada
991 1586 1094 1657 atque
1120 1575 1151 1637 in
1186 1574 1208 1657 ip

769 1690 841 1740 tore
866 1679 993 1764 legunt.
1041 1679 1118 1743 Nec
1152 1704 1208 1766 qur

769 1796 843 1847 tura
867 1807 977 1869 quave
1009 1789 1095 1850 ratio
1129 1790 1208 1874 gign

769 1890 931 1969 barbaris,
956 1895 1147 1978 quaesitum
1176 1917 1208 1957 c(

767 2011 881 2062 tumve
908 2048 1048 2062 .....

812 2131 939 2196 Sucum
952 2145 1065 2196 tamen
1077 2135 1208 2198 arborui

767 2240 954 2324 intellegas
972 2243 1050 2326 quia
1075 2254 1208 2305 terrena

768 2347 845 2408 dam
885 2359 987 2431 atque
1028 2349 1129 2410 etiam
1179 2373 1208 2411 v(

767 2455 923 2527 animalia
974 2456 1173 2541 plerumque

768 2561 891 2639 lucent,
902 2585 989 2648 quae
1006 2565 1208 2648 implicatah

768 2690 846 2730 mox
871 2670 1072 2734 durescente
1091 2674 1208 2735 materi

768 2775 900 2838 duntur.
963 2777 1179 2841 Fecundiora

767 2903 905 2945 nemora
929 2884 1105 2968 lucosque,
1142 2887 1208 2949 sicu

766 2991 851 3052 entis
875 2992 1034 3067 secretis,
1059 2991 1115 3053 ubi
1149 3004 1208 3054 tun

765 3118 925 3180 samaque
950 3099 1128 3173 sudantur,
1156 3100 1201 3161 ita

765 3204 874 3266 dentis
898 3205 1012 3268 insulis
1029 3205 1195 3290 terrisque

765 3312 985 3385 crediderim3
1011 3334 1097 3396 quae
1123 3314 1208 3375 vicin

765 3417 866 3480 radiis
892 3439 1052 3501 expressa
1077 3420 1207 3502 atquel

765 3525 811 3586 tia
835 3525 866 3586 in
892 3527 1081 3608 proximum
1098 3548 1190 3589 mare

765 3643 819 3694 tur
857 3653 897 3695 ac
941 3634 973 3694 vi
1013 3645 1208 3717 tempestati

766 3740 910 3802 adversa
934 3740 1031 3802 litora
1057 3741 1208 3804 exundas

809 3871 845 3935 Si
869 3884 1023 3936 naturam
1052 3874 1158 3936 sucini
1186 3897 1206 3938 a

765 3980 833 4065 igni
851 3991 1009 4064 temptes,
1035 3981 1066 4042 in
1092 3981 1208 4044 modur

765 4088 829 4151 dae
854 4089 1052 4152 accenditur
1075 4090 1200 4172 alitque

765 4216 853 4258 mam
888 4195 1048 4282 pinguem
1081 4208 1114 4258 et
1158 4197 1208 4259 ole
