<?xml version="1.0" encoding="UTF-8"?>
<!DOCTYPE html PUBLIC "-//W3C//DTD XHTML 1.0 Transitional//EN"
    "http://www.w3.org/TR/xhtml1/DTD/xhtml1-transitional.dtd">
<html xmlns="http://www.w3.org/1999/xhtml" xml:lang="en" lang="en">
 <head>
  <title>
</title>
<meta http-equiv="Content-Type" content="text/html;charset=utf-8" />
  <meta name='ocr-system' content='tesseract 3.04.00' />
  <meta name='ocr-capabilities' content='ocr_page ocr_carea ocr_par ocr_line ocrx_word'/>
</head>
<body>
  <div class='ocr_page' id='page_1' title='image "./degermaniaequae00lcgoog_0029.png"; bbox 0 0 2994 4988; ppageno 0'>
   <div class='ocr_carea' id='block_1_1' title="bbox 664 362 883 424">
    <p class='ocr_par' dir='ltr' id='par_1_1' title="bbox 664 362 883 424">
     <span class='ocr_line' id='line_1_1' title="bbox 664 362 883 424; baseline 0 -18"><span class='ocrx_word' id='word_1_1' title='bbox 664 362 883 424; x_wconf 63' lang='lat'>..25-</span> 
     </span>
    </p>
   </div>
   <div class='ocr_carea' id='block_1_2' title="bbox 183 554 746 748">
    <p class='ocr_par' dir='ltr' id='par_1_2' title="bbox 183 554 746 748">
     <span class='ocr_line' id='line_1_2' title="bbox 183 554 746 631; baseline 0.002 -13"><span class='ocrx_word' id='word_1_2' title='bbox 183 555 233 618; x_wconf 88' lang='lat' dir='ltr'>sic</span> <span class='ocrx_word' id='word_1_3' title='bbox 258 554 453 631; x_wconf 90' lang='lat' dir='ltr'>observant,</span> <span class='ocrx_word' id='word_1_4' title='bbox 470 569 507 619; x_wconf 96' lang='lat' dir='ltr'>ut</span> <span class='ocrx_word' id='word_1_5' title='bbox 523 566 657 619; x_wconf 91' lang='lat' dir='ltr'>noctem</span> <span class='ocrx_word' id='word_1_6' title='bbox 675 556 746 620; x_wconf 92' lang='lat' dir='ltr'>dies</span> 
     </span>
     <span class='ocr_line' id='line_1_3' title="bbox 183 662 426 748; baseline -0.004 -22"><span class='ocrx_word' id='word_1_7' title='bbox 183 662 426 748; x_wconf 83' lang='lat' dir='ltr'><strong>subsequatur.</strong></span> 
     </span>
    </p>
   </div>
   <div class='ocr_carea' id='block_1_3' title="bbox 801 554 1358 726">
    <p class='ocr_par' dir='ltr' id='par_1_3' title="bbox 801 554 1358 726">
     <span class='ocr_line' id='line_1_4' title="bbox 802 554 1358 631; baseline 0.002 -13"><span class='ocrx_word' id='word_1_8' title='bbox 802 554 859 619; x_wconf 86' lang='lat' dir='ltr'>Sic</span> <span class='ocrx_word' id='word_1_9' title='bbox 870 555 1087 631; x_wconf 90' lang='lat' dir='ltr'>constituunt,</span> <span class='ocrx_word' id='word_1_10' title='bbox 1101 555 1149 618; x_wconf 88' lang='lat' dir='ltr'>sic</span> <span class='ocrx_word' id='word_1_11' title='bbox 1166 556 1358 619; x_wconf 91' lang='lat' dir='ltr'>condicunt:</span> 
     </span>
     <span class='ocr_line' id='line_1_5' title="bbox 801 662 1301 726; baseline 0.002 -1"><span class='ocrx_word' id='word_1_12' title='bbox 801 685 870 726; x_wconf 87' lang='lat' dir='ltr'>nox</span> <span class='ocrx_word' id='word_1_13' title='bbox 895 662 1019 726; x_wconf 89' lang='lat' dir='ltr'>ducere</span> <span class='ocrx_word' id='word_1_14' title='bbox 1044 663 1133 726; x_wconf 92' lang='lat' dir='ltr'>diem</span> <span class='ocrx_word' id='word_1_15' title='bbox 1157 663 1301 726; x_wconf 89' lang='lat' dir='ltr'>videtur.</span> 
     </span>
    </p>
   </div>
   <div class='ocr_carea' id='block_1_4' title="bbox 181 768 1362 1283">
    <p class='ocr_par' dir='ltr' id='par_1_4' title="bbox 181 768 1362 1283">
     <span class='ocr_line' id='line_1_6' title="bbox 279 768 1359 855; baseline 0 -23"><span class='ocrx_word' id='word_1_16' title='bbox 279 768 398 833; x_wconf 87' lang='lat' dir='ltr'>Verba</span> <span class='ocrx_word' id='word_1_17' title='bbox 421 771 595 855; x_wconf 90' lang='lat' dir='ltr'>utriusque</span> <span class='ocrx_word' id='word_1_18' title='bbox 620 771 706 834; x_wconf 91' lang='lat' dir='ltr'>adeo</span> <span class='ocrx_word' id='word_1_19' title='bbox 731 770 848 834; x_wconf 88' lang='lat' dir='ltr'>similia</span> <span class='ocrx_word' id='word_1_20' title='bbox 873 782 960 846; x_wconf 90' lang='lat' dir='ltr'>sunt,</span> <span class='ocrx_word' id='word_1_21' title='bbox 985 782 1022 832; x_wconf 94' lang='lat' dir='ltr'>ut</span> <span class='ocrx_word' id='word_1_22' title='bbox 1038 769 1178 833; x_wconf 92' lang='lat' dir='ltr'>dubium</span> <span class='ocrx_word' id='word_1_23' title='bbox 1195 792 1267 834; x_wconf 89' lang='lat' dir='ltr'>esse</span> <span class='ocrx_word' id='word_1_24' title='bbox 1292 792 1359 833; x_wconf 93' lang='lat' dir='ltr'>non</span> 
     </span>
     <span class='ocr_line' id='line_1_7' title="bbox 183 875 1359 962; baseline 0 -22"><span class='ocrx_word' id='word_1_25' title='bbox 183 878 307 962; x_wconf 86' lang='lat' dir='ltr'>possit,</span> <span class='ocrx_word' id='word_1_26' title='bbox 332 878 411 961; x_wconf 92' lang='lat' dir='ltr'>quin</span> <span class='ocrx_word' id='word_1_27' title='bbox 436 877 559 940; x_wconf 85' lang='lat' dir='ltr'>Tacito</span> <span class='ocrx_word' id='word_1_28' title='bbox 584 876 744 941; x_wconf 82' lang='lat' dir='ltr'>scribenti</span> <span class='ocrx_word' id='word_1_29' title='bbox 768 876 947 940; x_wconf 89' lang='lat' dir='ltr'>observata</span> <span class='ocrx_word' id='word_1_30' title='bbox 972 879 1037 939; x_wconf 90' lang='lat' dir='ltr'>sint</span> <span class='ocrx_word' id='word_1_31' title='bbox 1062 875 1220 940; x_wconf 81' lang='lat' dir='ltr'>Caesaris</span> <span class='ocrx_word' id='word_1_32' title='bbox 1244 877 1359 940; x_wconf 87' lang='lat' dir='ltr'>verba.</span> 
     </span>
     <span class='ocr_line' id='line_1_8' title="bbox 181 983 1358 1068; baseline -0.001 -21"><span class='ocrx_word' id='word_1_33' title='bbox 181 983 257 1048; x_wconf 85' lang='lat' dir='ltr'>Sed</span> <span class='ocrx_word' id='word_1_34' title='bbox 296 1005 372 1047; x_wconf 90' lang='lat' dir='ltr'>cum</span> <span class='ocrx_word' id='word_1_35' title='bbox 397 983 527 1048; x_wconf 87' lang='lat' dir='ltr'>Caesar</span> <span class='ocrx_word' id='word_1_36' title='bbox 551 984 725 1048; x_wconf 79' lang='lat' dir='ltr'>Gallorum</span> <span class='ocrx_word' id='word_1_37' title='bbox 762 1006 889 1046; x_wconf 92' lang='lat' dir='ltr'>morem</span> <span class='ocrx_word' id='word_1_38' title='bbox 914 984 957 1046; x_wconf 90' lang='lat' dir='ltr'>ad</span> <span class='ocrx_word' id='word_1_39' title='bbox 981 984 1137 1047; x_wconf 90' lang='lat' dir='ltr'><strong>druidum</strong></span> <span class='ocrx_word' id='word_1_40' title='bbox 1161 985 1204 1048; x_wconf 89' lang='lat' dir='ltr'>de</span> <span class='ocrx_word' id='word_1_41' title='bbox 1230 985 1358 1068; x_wconf 85' lang='lat' dir='ltr'>origine</span> 
     </span>
     <span class='ocr_line' id='line_1_9' title="bbox 181 1090 1362 1176; baseline 0.001 -23"><span class='ocrx_word' id='word_1_42' title='bbox 181 1092 301 1176; x_wconf 86' lang='lat' dir='ltr'>gentis</span> <span class='ocrx_word' id='word_1_43' title='bbox 327 1091 515 1154; x_wconf 86' lang='lat' dir='ltr'>doctrinam</span> <span class='ocrx_word' id='word_1_44' title='bbox 540 1093 677 1168; x_wconf 71' lang='lat' dir='ltr'>referat,</span> <span class='ocrx_word' id='word_1_45' title='bbox 701 1093 844 1155; x_wconf 90' lang='lat' dir='ltr'>Tacitus</span> <span class='ocrx_word' id='word_1_46' title='bbox 868 1090 1058 1154; x_wconf 91' lang='lat' dir='ltr'>Germanos</span> <span class='ocrx_word' id='word_1_47' title='bbox 1091 1092 1204 1154; x_wconf 90' lang='lat' dir='ltr'>lunam</span> <span class='ocrx_word' id='word_1_48' title='bbox 1236 1091 1362 1154; x_wconf 90' lang='lat' dir='ltr'>varias-</span> 
     </span>
     <span class='ocr_line' id='line_1_10' title="bbox 181 1197 1360 1283; baseline 0.001 -24"><span class='ocrx_word' id='word_1_49' title='bbox 181 1219 253 1283; x_wconf 90' lang='lat' dir='ltr'>que</span> <span class='ocrx_word' id='word_1_50' title='bbox 279 1199 351 1260; x_wconf 90' lang='lat' dir='ltr'>eius</span> <span class='ocrx_word' id='word_1_51' title='bbox 376 1197 499 1261; x_wconf 85' lang='lat' dir='ltr'>formas</span> <span class='ocrx_word' id='word_1_52' title='bbox 525 1199 557 1260; x_wconf 89' lang='lat' dir='ltr'>in</span> <span class='ocrx_word' id='word_1_53' title='bbox 575 1212 765 1283; x_wconf 92' lang='lat' dir='ltr'>temporum</span> <span class='ocrx_word' id='word_1_54' title='bbox 789 1200 905 1283; x_wconf 86' lang='lat' dir='ltr'>spatiis</span> <span class='ocrx_word' id='word_1_55' title='bbox 930 1199 1174 1262; x_wconf 86' lang='lat' dir='ltr'>constituendis</span> <span class='ocrx_word' id='word_1_56' title='bbox 1192 1197 1360 1283; x_wconf 87' lang='lat' dir='ltr'>rebusque</span> 
     </span>
    </p>
   </div>
   <div class='ocr_carea' id='block_1_5' title="bbox 179 1306 641 1391">
    <p class='ocr_par' dir='ltr' id='par_1_5' title="bbox 179 1306 641 1391">
     <span class='ocr_line' id='line_1_11' title="bbox 179 1306 641 1391; baseline 0 -23"><span class='ocrx_word' id='word_1_57' title='bbox 179 1306 331 1391; x_wconf 85' lang='lat' dir='ltr'>agendis</span> <span class='ocrx_word' id='word_1_58' title='bbox 354 1306 524 1389; x_wconf 88' lang='lat' dir='ltr'>respicere</span> <span class='ocrx_word' id='word_1_59' title='bbox 549 1306 641 1369; x_wconf 89' lang='lat' dir='ltr'>dicit.</span> 
     </span>
    </p>
   </div>
   <div class='ocr_carea' id='block_1_6' title="bbox 180 1411 1363 1607">
    <p class='ocr_par' dir='ltr' id='par_1_6' title="bbox 180 1411 1363 1607">
     <span class='ocr_line' id='line_1_12' title="bbox 278 1411 1363 1498; baseline -0.004 -21"><span class='ocrx_word' id='word_1_60' title='bbox 278 1412 406 1477; x_wconf 87' lang='lat' dir='ltr'>Similia</span> <span class='ocrx_word' id='word_1_61' title='bbox 431 1424 508 1475; x_wconf 90' lang='lat' dir='ltr'>sunt</span> <span class='ocrx_word' id='word_1_62' title='bbox 531 1425 721 1497; x_wconf 91' lang='lat' dir='ltr'>praeterea,</span> <span class='ocrx_word' id='word_1_63' title='bbox 746 1434 833 1498; x_wconf 89' lang='lat' dir='ltr'>quae</span> <span class='ocrx_word' id='word_1_64' title='bbox 858 1412 987 1477; x_wconf 89' lang='lat' dir='ltr'>Caesar</span> <span class='ocrx_word' id='word_1_65' title='bbox 1012 1413 1055 1476; x_wconf 88' lang='lat' dir='ltr'>de</span> <span class='ocrx_word' id='word_1_66' title='bbox 1087 1412 1255 1498; x_wconf 88' lang='lat' dir='ltr'>equitibus</span> <span class='ocrx_word' id='word_1_67' title='bbox 1280 1411 1363 1474; x_wconf 88' lang='lat' dir='ltr'>Gal-</span> 
     </span>
     <span class='ocr_line' id='line_1_13' title="bbox 180 1518 1362 1607; baseline -0.002 -26"><span class='ocrx_word' id='word_1_68' title='bbox 180 1520 308 1596; x_wconf 90' lang='lat' dir='ltr'>lorum,</span> <span class='ocrx_word' id='word_1_69' title='bbox 348 1520 489 1582; x_wconf 91' lang='lat' dir='ltr'>Tacitus</span> <span class='ocrx_word' id='word_1_70' title='bbox 528 1518 777 1583; x_wconf 88' lang='lat' dir='ltr'>Germanorum</span> <span class='ocrx_word' id='word_1_71' title='bbox 815 1519 854 1597; x_wconf 71' lang='lat' dir='ltr'>de</span> <span class='ocrx_word' id='word_1_72' title='bbox 888 1520 1102 1607; x_wconf 65' lang='lat' dir='ltr'>principibus</span> <span class='ocrx_word' id='word_1_73' title='bbox 1141 1519 1362 1603; x_wconf 63' lang='lat' dir='ltr'>coartatamque</span> 
     </span>
    </p>
   </div>
   <div class='ocr_carea' id='block_1_7' title="bbox 183 1627 443 1691">
    <p class='ocr_par' dir='ltr' id='par_1_7' title="bbox 183 1627 443 1691">
     <span class='ocr_line' id='line_1_14' title="bbox 183 1627 443 1691; baseline 0.008 -3"><span class='ocrx_word' id='word_1_74' title='bbox 183 1649 305 1690; x_wconf 79' lang='lat' dir='ltr'>eorum</span> <span class='ocrx_word' id='word_1_75' title='bbox 331 1627 443 1691; x_wconf 88' lang='lat' dir='ltr'>tradit.</span> 
     </span>
    </p>
   </div>
   <div class='ocr_carea' id='block_1_8' title="bbox 134 1751 751 3552">
    <p class='ocr_par' dir='ltr' id='par_1_8' title="bbox 318 1751 618 1816">
     <span class='ocr_line' id='line_1_15' title="bbox 318 1751 618 1816; baseline 0.003 -1"><span class='ocrx_word' id='word_1_76' title='bbox 318 1751 488 1815; x_wconf 89' lang='lat' dir='ltr'>Caesar</span> <span class='ocrx_word' id='word_1_77' title='bbox 512 1752 551 1815; x_wconf 90' lang='lat' dir='ltr'>B.</span> <span class='ocrx_word' id='word_1_78' title='bbox 576 1751 618 1816; x_wconf 88' lang='lat' dir='ltr'>G.</span> 
     </span>
    </p>

    <p class='ocr_par' dir='ltr' id='par_1_9' title="bbox 183 1858 748 2480">
     <span class='ocr_line' id='line_1_16' title="bbox 228 1858 748 1944; baseline 0.008 -25"><span class='ocrx_word' id='word_1_79' title='bbox 228 1858 282 1920; x_wconf 90' lang='lat' dir='ltr'>Vl</span> <span class='ocrx_word' id='word_1_80' title='bbox 311 1863 361 1924; x_wconf 88' lang='grc'>15.</span> <span class='ocrx_word' id='word_1_81' title='bbox 386 1858 541 1922; x_wconf 89' lang='lat' dir='ltr'>Alterum</span> <span class='ocrx_word' id='word_1_82' title='bbox 565 1881 672 1944; x_wconf 85' lang='lat' dir='ltr'>genus</span> <span class='ocrx_word' id='word_1_83' title='bbox 697 1873 748 1923; x_wconf 88' lang='lat' dir='ltr'>est</span> 
     </span>
     <span class='ocr_line' id='line_1_17' title="bbox 183 1966 747 2050; baseline 0.004 -22"><span class='ocrx_word' id='word_1_84' title='bbox 183 1967 350 2050; x_wconf 87' lang='lat' dir='ltr'>equitum.</span> <span class='ocrx_word' id='word_1_85' title='bbox 386 1966 431 2028; x_wconf 93' lang='lat' dir='ltr'>Hi</span> <span class='ocrx_word' id='word_1_86' title='bbox 467 1987 543 2030; x_wconf 90' lang='lat' dir='ltr'>cum</span> <span class='ocrx_word' id='word_1_87' title='bbox 583 1979 633 2029; x_wconf 88' lang='lat' dir='ltr'>est</span> <span class='ocrx_word' id='word_1_88' title='bbox 668 1990 747 2031; x_wconf 89' lang='lat' dir='ltr'>usus</span> 
     </span>
     <span class='ocr_line' id='line_1_18' title="bbox 185 2073 748 2159; baseline 0.011 -27"><span class='ocrx_word' id='word_1_89' title='bbox 185 2085 291 2157; x_wconf 89' lang='lat' dir='ltr'>atque</span> <span class='ocrx_word' id='word_1_90' title='bbox 316 2073 455 2159; x_wconf 89' lang='lat' dir='ltr'>aliquod</span> <span class='ocrx_word' id='word_1_91' title='bbox 478 2073 603 2136; x_wconf 90' lang='lat' dir='ltr'>bellum</span> <span class='ocrx_word' id='word_1_92' title='bbox 620 2075 748 2152; x_wconf 88' lang='lat' dir='ltr'>incidit,</span> 
     </span>
     <span class='ocr_line' id='line_1_19' title="bbox 189 2179 746 2258; baseline 0.009 -19"><span class='ocrx_word' id='word_1_93' title='bbox 189 2199 304 2242; x_wconf 89' lang='lat' dir='ltr'>omnes</span> <span class='ocrx_word' id='word_1_94' title='bbox 353 2179 386 2243; x_wconf 92' lang='lat' dir='ltr'>in</span> <span class='ocrx_word' id='word_1_95' title='bbox 432 2180 520 2243; x_wconf 93' lang='lat' dir='ltr'>bello</span> <span class='ocrx_word' id='word_1_96' title='bbox 560 2194 746 2258; x_wconf 88' lang='lat' dir='ltr'>versantur,</span> 
     </span>
     <span class='ocr_line' id='line_1_20' title="bbox 191 2289 748 2374; baseline 0.013 -29"><span class='ocrx_word' id='word_1_97' title='bbox 191 2297 290 2369; x_wconf 89' lang='lat' dir='ltr'>atque</span> <span class='ocrx_word' id='word_1_98' title='bbox 315 2309 431 2351; x_wconf 91' lang='lat' dir='ltr'>eorum</span> <span class='ocrx_word' id='word_1_99' title='bbox 463 2300 500 2352; x_wconf 90' lang='lat' dir='ltr'>ut</span> <span class='ocrx_word' id='word_1_100' title='bbox 524 2289 665 2374; x_wconf 88' lang='lat' dir='ltr'>quisque</span> <span class='ocrx_word' id='word_1_101' title='bbox 697 2302 748 2352; x_wconf 91' lang='lat' dir='ltr'>est</span> 
     </span>
     <span class='ocr_line' id='line_1_21' title="bbox 196 2395 748 2480; baseline 0.011 -28"><span class='ocrx_word' id='word_1_102' title='bbox 196 2411 314 2474; x_wconf 82' lang='lat' dir='ltr'>genere</span> <span class='ocrx_word' id='word_1_103' title='bbox 327 2395 501 2480; x_wconf 89' lang='lat' dir='ltr'>copiisque</span> <span class='ocrx_word' id='word_1_104' title='bbox 514 2396 748 2480; x_wconf 88' lang='lat' dir='ltr'>amplissimus,</span> 
     </span>
    </p>

    <p class='ocr_par' dir='ltr' id='par_1_10' title="bbox 134 2495 749 2586">
     <span class='ocr_line' id='line_1_22' title="bbox 134 2495 749 2586; baseline 0 -21"><span class='ocrx_word' id='word_1_105' title='bbox 134 2556 140 2565; x_wconf 92' lang='lat'>.</span> <span class='ocrx_word' id='word_1_106' title='bbox 198 2495 238 2560; x_wconf 80' lang='lat' dir='ltr'>ita</span> <span class='ocrx_word' id='word_1_107' title='bbox 259 2502 420 2586; x_wconf 90' lang='lat' dir='ltr'>plurimos</span> <span class='ocrx_word' id='word_1_108' title='bbox 453 2503 578 2566; x_wconf 87' lang='lat' dir='ltr'>circum</span> <span class='ocrx_word' id='word_1_109' title='bbox 612 2525 647 2566; x_wconf 93' lang='lat' dir='ltr'>se</span> <span class='ocrx_word' id='word_1_110' title='bbox 679 2525 749 2566; x_wconf 88' lang='lat' dir='ltr'>am-</span> 
     </span>
    </p>

    <p class='ocr_par' dir='ltr' id='par_1_11' title="bbox 138 2599 747 2695">
     <span class='ocr_line' id='line_1_23' title="bbox 138 2599 747 2695; baseline 0.011 -30"><span class='ocrx_word' id='word_1_111' title='bbox 138 2658 142 2663; x_wconf 97' lang='lat'>.</span> <span class='ocrx_word' id='word_1_112' title='bbox 201 2599 308 2673; x_wconf 86' lang='lat' dir='ltr'>bactos</span> <span class='ocrx_word' id='word_1_113' title='bbox 339 2649 341 2655; x_wconf 22' lang='grc' dir='ltr'><strong><em>π</em></strong></span> <span class='ocrx_word' id='word_1_114' title='bbox 366 2609 572 2695; x_wconf 90' lang='lat' dir='ltr'>clientesque</span> <span class='ocrx_word' id='word_1_115' title='bbox 635 2609 747 2675; x_wconf 90' lang='lat' dir='ltr'>habet.</span> 
     </span>
    </p>

    <p class='ocr_par' dir='ltr' id='par_1_12' title="bbox 138 2705 750 2908">
     <span class='ocr_line' id='line_1_24' title="bbox 138 2705 750 2803; baseline 0.008 -27"><span class='ocrx_word' id='word_1_116' title='bbox 138 2756 143 2769; x_wconf 93' lang='lat'>.-</span> <span class='ocrx_word' id='word_1_117' title='bbox 201 2705 288 2780; x_wconf 86' lang='lat' dir='ltr'>Hanc</span> <span class='ocrx_word' id='word_1_118' title='bbox 311 2739 412 2780; x_wconf 91' lang='lat' dir='ltr'>unam</span> <span class='ocrx_word' id='word_1_119' title='bbox 432 2719 580 2802; x_wconf 82' lang='lat' dir='ltr'>gratiam</span> <span class='ocrx_word' id='word_1_120' title='bbox 602 2719 750 2803; x_wconf 91' lang='lat' dir='ltr'>potenti-</span> 
     </span>
     <span class='ocr_line' id='line_1_25' title="bbox 196 2832 511 2908; baseline 0.019 -27"><span class='ocrx_word' id='word_1_121' title='bbox 196 2832 311 2908; x_wconf 67' lang='lat' dir='ltr'>amque</span> <span class='ocrx_word' id='word_1_122' title='bbox 335 2837 511 2888; x_wconf 85' lang='lat' dir='ltr'>noverunt.</span> 
     </span>
    </p>

    <p class='ocr_par' dir='ltr' id='par_1_13' title="bbox 223 2925 750 3019">
     <span class='ocr_line' id='line_1_26' title="bbox 223 2925 750 3019; baseline 0.008 -28"><span class='ocrx_word' id='word_1_123' title='bbox 223 2925 242 2989; x_wconf 84' lang='grc' dir='ltr'><em>Ι</em></span> <span class='ocrx_word' id='word_1_124' title='bbox 268 2936 317 3015; x_wconf 82' lang='grc'>18.</span> <span class='ocrx_word' id='word_1_125' title='bbox 329 2931 575 3017; x_wconf 86' lang='lat' dir='ltr'>Dumnorigem</span> <span class='ocrx_word' id='word_1_126' title='bbox 588 2954 750 3019; x_wconf 86' lang='lat' dir='ltr'>magnum</span> 
     </span>
    </p>

    <p class='ocr_par' dir='ltr' id='par_1_14' title="bbox 153 3039 751 3552">
     <span class='ocr_line' id='line_1_27' title="bbox 178 3039 750 3125; baseline 0.003 -25"><span class='ocrx_word' id='word_1_127' title='bbox 178 3039 750 3125; x_wconf 73' lang='lat' dir='ltr'>numerumequitatussuosumptu</span> 
     </span>
     <span class='ocr_line' id='line_1_28' title="bbox 169 3129 748 3221; baseline 0.01 -18"><span class='ocrx_word' id='word_1_128' title='bbox 169 3129 279 3208; x_wconf 71' lang='lat' dir='ltr'>alere</span> <span class='ocrx_word' id='word_1_129' title='bbox 312 3157 345 3208; x_wconf 91' lang='lat' dir='ltr'>et</span> <span class='ocrx_word' id='word_1_130' title='bbox 378 3147 505 3209; x_wconf 91' lang='lat' dir='ltr'>circum</span> <span class='ocrx_word' id='word_1_131' title='bbox 538 3167 573 3209; x_wconf 92' lang='lat' dir='ltr'>se</span> <span class='ocrx_word' id='word_1_132' title='bbox 604 3144 748 3221; x_wconf 87' lang='lat' dir='ltr'>habere3</span> 
     </span>
     <span class='ocr_line' id='line_1_29' title="bbox 161 3251 750 3334; baseline 0.002 -19"><span class='ocrx_word' id='word_1_133' title='bbox 161 3251 300 3334; x_wconf 81' lang='lat' dir='ltr'>neque</span> <span class='ocrx_word' id='word_1_134' title='bbox 323 3252 432 3316; x_wconf 90' lang='lat' dir='ltr'>solum</span> <span class='ocrx_word' id='word_1_135' title='bbox 452 3253 554 3330; x_wconf 88' lang='lat' dir='ltr'>domi,</span> <span class='ocrx_word' id='word_1_136' title='bbox 571 3254 632 3317; x_wconf 92' lang='lat' dir='ltr'>sed</span> <span class='ocrx_word' id='word_1_137' title='bbox 649 3254 750 3317; x_wconf 90' lang='lat' dir='ltr'>etiam</span> 
     </span>
     <span class='ocr_line' id='line_1_30' title="bbox 156 3359 751 3427; baseline -0.005 0"><span class='ocrx_word' id='word_1_138' title='bbox 156 3359 284 3427; x_wconf 74' lang='lat' dir='ltr'>apud</span> <span class='ocrx_word' id='word_1_139' title='bbox 317 3361 475 3424; x_wconf 89' lang='lat' dir='ltr'>finitimas</span> <span class='ocrx_word' id='word_1_140' title='bbox 509 3361 662 3425; x_wconf 89' lang='lat' dir='ltr'>civitates</span> <span class='ocrx_word' id='word_1_141' title='bbox 685 3361 751 3424; x_wconf 91' lang='lat' dir='ltr'>lar-</span> 
     </span>
     <span class='ocr_line' id='line_1_31' title="bbox 153 3451 413 3552; baseline 0.008 -22"><span class='ocrx_word' id='word_1_142' title='bbox 153 3451 281 3530; x_wconf 68' lang='lat' dir='ltr'>giter</span> <span class='ocrx_word' id='word_1_143' title='bbox 302 3489 413 3552; x_wconf 89' lang='lat' dir='ltr'>posse.</span> 
     </span>
    </p>
   </div>
   <div class='ocr_carea' id='block_1_9' title="bbox 801 1752 1363 3318">
    <p class='ocr_par' dir='ltr' id='par_1_15' title="bbox 979 1752 1177 1816">
     <span class='ocr_line' id='line_1_32' title="bbox 979 1752 1177 1816; baseline -0.005 -1"><span class='ocrx_word' id='word_1_144' title='bbox 979 1752 1177 1816; x_wconf 86' lang='lat' dir='ltr'>Tacitus.</span> 
     </span>
    </p>

    <p class='ocr_par' dir='ltr' id='par_1_16' title="bbox 801 1859 1363 3318">
     <span class='ocr_line' id='line_1_33' title="bbox 849 1859 1362 1944; baseline -0.012 -19"><span class='ocrx_word' id='word_1_145' title='bbox 849 1865 899 1925; x_wconf 86' lang='lat'>13.</span> <span class='ocrx_word' id='word_1_146' title='bbox 923 1859 1055 1944; x_wconf 85' lang='lat' dir='ltr'>Magna</span> <span class='ocrx_word' id='word_1_147' title='bbox 1072 1859 1231 1922; x_wconf 93' lang='lat' dir='ltr'>comitum</span> <span class='ocrx_word' id='word_1_148' title='bbox 1248 1879 1362 1920; x_wconf 90' lang='lat' dir='ltr'>aemu-</span> 
     </span>
     <span class='ocr_line' id='line_1_34' title="bbox 802 1963 1362 2053; baseline -0.005 -24"><span class='ocrx_word' id='word_1_149' title='bbox 802 1968 899 2044; x_wconf 82' lang='lat' dir='ltr'>latio,</span> <span class='ocrx_word' id='word_1_150' title='bbox 939 1967 1061 2053; x_wconf 93' lang='lat' dir='ltr'>quibus</span> <span class='ocrx_word' id='word_1_151' title='bbox 1100 1966 1226 2051; x_wconf 92' lang='lat' dir='ltr'>primus</span> <span class='ocrx_word' id='word_1_152' title='bbox 1270 1963 1362 2049; x_wconf 94' lang='lat' dir='ltr'>apud</span> 
     </span>
     <span class='ocr_line' id='line_1_35' title="bbox 802 2074 1362 2160; baseline -0.002 -24"><span class='ocrx_word' id='word_1_153' title='bbox 802 2076 989 2160; x_wconf 89' lang='lat' dir='ltr'>principem</span> <span class='ocrx_word' id='word_1_154' title='bbox 1036 2097 1133 2138; x_wconf 91' lang='lat' dir='ltr'>suum</span> <span class='ocrx_word' id='word_1_155' title='bbox 1180 2074 1284 2149; x_wconf 79' lang='lat' dir='ltr'>locuS,</span> <span class='ocrx_word' id='word_1_156' title='bbox 1328 2083 1362 2135; x_wconf 91' lang='lat' dir='ltr'>et</span> 
     </span>
     <span class='ocr_line' id='line_1_36' title="bbox 801 2180 1363 2266; baseline -0.004 -23"><span class='ocrx_word' id='word_1_157' title='bbox 801 2183 1002 2266; x_wconf 89' lang='lat' dir='ltr'>principum,</span> <span class='ocrx_word' id='word_1_158' title='bbox 1051 2182 1104 2244; x_wconf 89' lang='lat' dir='ltr'>cui</span> <span class='ocrx_word' id='word_1_159' title='bbox 1150 2180 1282 2264; x_wconf 93' lang='lat' dir='ltr'>plurimi</span> <span class='ocrx_word' id='word_1_160' title='bbox 1329 2192 1363 2242; x_wconf 92' lang='lat' dir='ltr'>et</span> 
     </span>
     <span class='ocr_line' id='line_1_37' title="bbox 802 2286 1363 2371; baseline -0.005 -20"><span class='ocrx_word' id='word_1_161' title='bbox 802 2290 956 2351; x_wconf 91' lang='lat' dir='ltr'>acerrimi</span> <span class='ocrx_word' id='word_1_162' title='bbox 987 2289 1145 2352; x_wconf 91' lang='lat' dir='ltr'>comites:</span> <span class='ocrx_word' id='word_1_163' title='bbox 1171 2289 1256 2350; x_wconf 90' lang='lat' dir='ltr'>haec</span> <span class='ocrx_word' id='word_1_164' title='bbox 1287 2286 1363 2371; x_wconf 86' lang='lat' dir='ltr'>dig-</span> 
     </span>
     <span class='ocr_line' id='line_1_38' title="bbox 803 2396 1363 2478; baseline -0.007 -20"><span class='ocrx_word' id='word_1_165' title='bbox 803 2396 898 2472; x_wconf 80' lang='lat' dir='ltr'>nitaS,</span> <span class='ocrx_word' id='word_1_166' title='bbox 924 2397 987 2458; x_wconf 89' lang='lat' dir='ltr'>hae</span> <span class='ocrx_word' id='word_1_167' title='bbox 1012 2396 1110 2470; x_wconf 57' lang='lat' dir='ltr'>vires</span> <span class='ocrx_word' id='word_1_168' title='bbox 1135 2415 1259 2478; x_wconf 83' lang='lat' dir='ltr'>magno</span> <span class='ocrx_word' id='word_1_169' title='bbox 1276 2414 1363 2456; x_wconf 87' lang='lat' dir='ltr'>sem-</span> 
     </span>
     <span class='ocr_line' id='line_1_39' title="bbox 802 2497 1361 2588; baseline -0.007 -23"><span class='ocrx_word' id='word_1_170' title='bbox 802 2526 864 2588; x_wconf 89' lang='lat' dir='ltr'>per</span> <span class='ocrx_word' id='word_1_171' title='bbox 880 2502 1063 2565; x_wconf 90' lang='lat' dir='ltr'>electorum</span> <span class='ocrx_word' id='word_1_172' title='bbox 1085 2502 1241 2563; x_wconf 91' lang='lat' dir='ltr'>iuvenum</span> <span class='ocrx_word' id='word_1_173' title='bbox 1257 2497 1361 2585; x_wconf 87' lang='lat' dir='ltr'>globo</span> 
     </span>
     <span class='ocr_line' id='line_1_40' title="bbox 803 2607 1361 2692; baseline -0.007 -19"><span class='ocrx_word' id='word_1_174' title='bbox 803 2610 1021 2681; x_wconf 78' lang='lat' dir='ltr'>circumdari3</span> <span class='ocrx_word' id='word_1_175' title='bbox 1061 2609 1093 2670; x_wconf 91' lang='lat' dir='ltr'>in</span> <span class='ocrx_word' id='word_1_176' title='bbox 1128 2628 1214 2692; x_wconf 93' lang='lat' dir='ltr'>pace</span> <span class='ocrx_word' id='word_1_177' title='bbox 1247 2607 1361 2682; x_wconf 90' lang='lat' dir='ltr'>decus,</span> 
     </span>
     <span class='ocr_line' id='line_1_41' title="bbox 803 2713 1362 2802; baseline -0.009 -21"><span class='ocrx_word' id='word_1_178' title='bbox 803 2720 836 2781; x_wconf 94' lang='lat' dir='ltr'>in</span> <span class='ocrx_word' id='word_1_179' title='bbox 877 2718 966 2782; x_wconf 89' lang='lat' dir='ltr'>bello</span> <span class='ocrx_word' id='word_1_180' title='bbox 1010 2717 1225 2802; x_wconf 91' lang='lat' dir='ltr'>praesidium.</span> <span class='ocrx_word' id='word_1_181' title='bbox 1286 2713 1362 2777; x_wconf 90' lang='lat' dir='ltr'>Nec</span> 
     </span>
     <span class='ocr_line' id='line_1_42' title="bbox 803 2823 1362 2910; baseline -0.013 -20"><span class='ocrx_word' id='word_1_182' title='bbox 803 2827 910 2891; x_wconf 88' lang='lat' dir='ltr'>solum</span> <span class='ocrx_word' id='word_1_183' title='bbox 944 2826 976 2888; x_wconf 93' lang='lat' dir='ltr'>in</span> <span class='ocrx_word' id='word_1_184' title='bbox 1010 2847 1070 2888; x_wconf 90' lang='lat' dir='ltr'>sua</span> <span class='ocrx_word' id='word_1_185' title='bbox 1103 2836 1205 2910; x_wconf 86' lang='lat' dir='ltr'>gente</span> <span class='ocrx_word' id='word_1_186' title='bbox 1231 2823 1362 2907; x_wconf 89' lang='lat' dir='ltr'>cuique,</span> 
     </span>
     <span class='ocr_line' id='line_1_43' title="bbox 803 2932 1362 3017; baseline -0.011 -20"><span class='ocrx_word' id='word_1_187' title='bbox 803 2934 862 2997; x_wconf 91' lang='lat' dir='ltr'>sed</span> <span class='ocrx_word' id='word_1_188' title='bbox 902 2932 994 3017; x_wconf 90' lang='lat' dir='ltr'>apud</span> <span class='ocrx_word' id='word_1_189' title='bbox 1032 2932 1188 2994; x_wconf 86' lang='lat' dir='ltr'>finitimas</span> <span class='ocrx_word' id='word_1_190' title='bbox 1228 2949 1362 3014; x_wconf 89' lang='lat' dir='ltr'>quoque</span> 
     </span>
     <span class='ocr_line' id='line_1_44' title="bbox 804 3035 1363 3122; baseline -0.014 -18"><span class='ocrx_word' id='word_1_191' title='bbox 804 3041 958 3104; x_wconf 89' lang='lat' dir='ltr'>civitates</span> <span class='ocrx_word' id='word_1_192' title='bbox 982 3040 1016 3103; x_wconf 93' lang='lat' dir='ltr'>id</span> <span class='ocrx_word' id='word_1_193' title='bbox 1040 3060 1174 3114; x_wconf 85' lang='lat' dir='ltr'>nomen,</span> <span class='ocrx_word' id='word_1_194' title='bbox 1191 3059 1232 3100; x_wconf 90' lang='lat' dir='ltr'>ea</span> <span class='ocrx_word' id='word_1_195' title='bbox 1255 3035 1363 3122; x_wconf 85' lang='lat' dir='ltr'>gloria</span> 
     </span>
     <span class='ocr_line' id='line_1_45' title="bbox 804 3143 1362 3223; baseline -0.013 -13"><span class='ocrx_word' id='word_1_196' title='bbox 804 3160 874 3223; x_wconf 88' lang='lat' dir='ltr'>est,</span> <span class='ocrx_word' id='word_1_197' title='bbox 913 3147 940 3209; x_wconf 87' lang='lat' dir='ltr'>si</span> <span class='ocrx_word' id='word_1_198' title='bbox 979 3166 1119 3208; x_wconf 91' lang='lat' dir='ltr'>numero</span> <span class='ocrx_word' id='word_1_199' title='bbox 1159 3164 1200 3206; x_wconf 90' lang='lat' dir='ltr'>ac</span> <span class='ocrx_word' id='word_1_200' title='bbox 1239 3143 1362 3205; x_wconf 87' lang='lat' dir='ltr'>virtute</span> 
     </span>
     <span class='ocr_line' id='line_1_46' title="bbox 804 3253 1162 3318; baseline -0.014 0"><span class='ocrx_word' id='word_1_201' title='bbox 804 3255 983 3318; x_wconf 91' lang='lat' dir='ltr'>comitatus</span> <span class='ocrx_word' id='word_1_202' title='bbox 1007 3253 1162 3315; x_wconf 88' lang='lat' dir='ltr'>emineat.</span> 
     </span>
    </p>
   </div>
   <div class='ocr_carea' id='block_1_10' title="bbox 283 3588 1363 3676">
    <p class='ocr_par' dir='ltr' id='par_1_17' title="bbox 283 3588 1363 3676">
     <span class='ocr_line' id='line_1_47' title="bbox 283 3588 1363 3676; baseline -0.004 -20"><span class='ocrx_word' id='word_1_203' title='bbox 283 3591 452 3656; x_wconf 88' lang='lat' dir='ltr'>Nonnulla</span> <span class='ocrx_word' id='word_1_204' title='bbox 492 3591 621 3656; x_wconf 90' lang='lat' dir='ltr'>Caesar</span> <span class='ocrx_word' id='word_1_205' title='bbox 660 3595 731 3676; x_wconf 89' lang='lat' dir='ltr'>ipse</span> <span class='ocrx_word' id='word_1_206' title='bbox 780 3593 823 3656; x_wconf 91' lang='lat' dir='ltr'>de</span> <span class='ocrx_word' id='word_1_207' title='bbox 863 3591 1109 3655; x_wconf 89' lang='lat' dir='ltr'>Germanorum</span> <span class='ocrx_word' id='word_1_208' title='bbox 1154 3588 1363 3674; x_wconf 90' lang='lat' dir='ltr'>principibus</span> 
     </span>
    </p>
   </div>
   <div class='ocr_carea' id='block_1_11' title="bbox 155 3696 1365 4322">
    <p class='ocr_par' dir='ltr' id='par_1_18' title="bbox 155 3696 1365 4322">
     <span class='ocr_line' id='line_1_48' title="bbox 155 3696 1365 3786; baseline -0.001 -27"><span class='ocrx_word' id='word_1_209' title='bbox 155 3698 421 3786; x_wconf 65' lang='lat' dir='ltr'>comitatuque</span> <span class='ocrx_word' id='word_1_210' title='bbox 447 3721 563 3763; x_wconf 92' lang='lat' dir='ltr'>eorum</span> <span class='ocrx_word' id='word_1_211' title='bbox 589 3700 710 3763; x_wconf 89' lang='lat' dir='ltr'>tradit:</span> <span class='ocrx_word' id='word_1_212' title='bbox 735 3699 774 3762; x_wconf 89' lang='lat' dir='ltr'>B.</span> <span class='ocrx_word' id='word_1_213' title='bbox 800 3699 841 3763; x_wconf 91' lang='lat' dir='ltr'>G.</span> <span class='ocrx_word' id='word_1_214' title='bbox 868 3698 927 3763; x_wconf 88' lang='lat' dir='ltr'>VI.</span> <span class='ocrx_word' id='word_1_215' title='bbox 959 3703 1010 3762; x_wconf 82' lang='lat'>23.</span> <span class='ocrx_word' id='word_1_216' title='bbox 1044 3697 1259 3776; x_wconf 85' lang='lat' dir='ltr'>,Latrocinia</span> <span class='ocrx_word' id='word_1_217' title='bbox 1292 3696 1365 3758; x_wconf 91' lang='lat' dir='ltr'>nul-</span> 
     </span>
     <span class='ocr_line' id='line_1_49' title="bbox 156 3785 1363 3891; baseline 0 -26"><span class='ocrx_word' id='word_1_218' title='bbox 156 3785 259 3865; x_wconf 68' lang='lat' dir='ltr'>lam</span> <span class='ocrx_word' id='word_1_219' title='bbox 294 3806 420 3871; x_wconf 90' lang='lat' dir='ltr'>habent</span> <span class='ocrx_word' id='word_1_220' title='bbox 456 3807 640 3884; x_wconf 72' lang='lat' dir='ltr'>infamiam,</span> <span class='ocrx_word' id='word_1_221' title='bbox 676 3828 763 3891; x_wconf 90' lang='lat' dir='ltr'>quae</span> <span class='ocrx_word' id='word_1_222' title='bbox 800 3818 896 3868; x_wconf 86' lang='lat' dir='ltr'>extra</span> <span class='ocrx_word' id='word_1_223' title='bbox 924 3805 1006 3867; x_wconf 86' lang='lat' dir='ltr'>fines</span> <span class='ocrx_word' id='word_1_224' title='bbox 1031 3805 1192 3889; x_wconf 85' lang='lat' dir='ltr'>cuiusque</span> <span class='ocrx_word' id='word_1_225' title='bbox 1219 3804 1363 3866; x_wconf 88' lang='lat' dir='ltr'>civitatis</span> 
     </span>
     <span class='ocr_line' id='line_1_50' title="bbox 162 3895 1363 3999; baseline 0 -27"><span class='ocrx_word' id='word_1_226' title='bbox 162 3895 287 3988; x_wconf 72' lang='lat' dir='ltr'>flunt,</span> <span class='ocrx_word' id='word_1_227' title='bbox 310 3927 412 3999; x_wconf 88' lang='lat' dir='ltr'>atque</span> <span class='ocrx_word' id='word_1_228' title='bbox 437 3937 477 3978; x_wconf 87' lang='lat' dir='ltr'>ea</span> <span class='ocrx_word' id='word_1_229' title='bbox 494 3915 675 3977; x_wconf 89' lang='lat' dir='ltr'>iuventutis</span> <span class='ocrx_word' id='word_1_230' title='bbox 693 3913 904 3976; x_wconf 86' lang='lat' dir='ltr'>exercendae</span> <span class='ocrx_word' id='word_1_231' title='bbox 921 3933 962 3975; x_wconf 92' lang='lat' dir='ltr'>ac</span> <span class='ocrx_word' id='word_1_232' title='bbox 986 3911 1137 3975; x_wconf 89' lang='lat' dir='ltr'>desidiae</span> <span class='ocrx_word' id='word_1_233' title='bbox 1162 3909 1363 3973; x_wconf 90' lang='lat' dir='ltr'>minuendae</span> 
     </span>
     <span class='ocr_line' id='line_1_51' title="bbox 170 4016 1362 4106; baseline -0.003 -23"><span class='ocrx_word' id='word_1_234' title='bbox 170 4023 297 4083; x_wconf 69' lang='lat' dir='ltr'>causa</span> <span class='ocrx_word' id='word_1_235' title='bbox 318 4021 390 4084; x_wconf 89' lang='lat' dir='ltr'>fieri</span> <span class='ocrx_word' id='word_1_236' title='bbox 413 4022 623 4106; x_wconf 88' lang='lat' dir='ltr'>praedicant.</span> <span class='ocrx_word' id='word_1_237' title='bbox 671 4020 788 4105; x_wconf 81' lang='lat' dir='ltr'>Atque</span> <span class='ocrx_word' id='word_1_238' title='bbox 825 4019 882 4082; x_wconf 94' lang='lat' dir='ltr'>ubi</span> <span class='ocrx_word' id='word_1_239' title='bbox 917 4020 991 4103; x_wconf 90' lang='lat' dir='ltr'>quis</span> <span class='ocrx_word' id='word_1_240' title='bbox 1025 4040 1068 4081; x_wconf 83' lang='lat' dir='ltr'>ex</span> <span class='ocrx_word' id='word_1_241' title='bbox 1099 4016 1306 4102; x_wconf 89' lang='lat' dir='ltr'>principibus</span> <span class='ocrx_word' id='word_1_242' title='bbox 1330 4018 1362 4079; x_wconf 91' lang='lat' dir='ltr'>in</span> 
     </span>
     <span class='ocr_line' id='line_1_52' title="bbox 179 4125 1362 4212; baseline 0.002 -28"><span class='ocrx_word' id='word_1_243' title='bbox 179 4127 335 4192; x_wconf 81' lang='lat' dir='ltr'>concilio</span> <span class='ocrx_word' id='word_1_244' title='bbox 359 4129 454 4205; x_wconf 85' lang='lat' dir='ltr'>dixit,</span> <span class='ocrx_word' id='word_1_245' title='bbox 479 4151 515 4191; x_wconf 90' lang='lat' dir='ltr'>se</span> <span class='ocrx_word' id='word_1_246' title='bbox 540 4128 662 4191; x_wconf 91' lang='lat' dir='ltr'>ducem</span> <span class='ocrx_word' id='word_1_247' title='bbox 687 4127 768 4204; x_wconf 86' lang='lat' dir='ltr'>sore,</span> <span class='ocrx_word' id='word_1_248' title='bbox 793 4127 850 4212; x_wconf 94' lang='lat' dir='ltr'>qui</span> <span class='ocrx_word' id='word_1_249' title='bbox 874 4127 969 4211; x_wconf 90' lang='lat' dir='ltr'>sequi</span> <span class='ocrx_word' id='word_1_250' title='bbox 994 4125 1105 4202; x_wconf 91' lang='lat' dir='ltr'>velint,</span> <span class='ocrx_word' id='word_1_251' title='bbox 1130 4125 1362 4209; x_wconf 89' lang='lat' dir='ltr'>profiteantur,</span> 
     </span>
     <span class='ocr_line' id='line_1_53' title="bbox 189 4232 1363 4322; baseline 0.001 -29"><span class='ocrx_word' id='word_1_252' title='bbox 189 4240 402 4322; x_wconf 75' lang='lat' dir='ltr'>consurgunt</span> <span class='ocrx_word' id='word_1_253' title='bbox 426 4237 459 4312; x_wconf 92' lang='lat' dir='ltr'>ii,</span> <span class='ocrx_word' id='word_1_254' title='bbox 482 4236 540 4320; x_wconf 91' lang='lat' dir='ltr'>qui</span> <span class='ocrx_word' id='word_1_255' title='bbox 564 4248 597 4298; x_wconf 92' lang='lat' dir='ltr'>et</span> <span class='ocrx_word' id='word_1_256' title='bbox 622 4256 759 4298; x_wconf 89' lang='lat' dir='ltr'>causam</span> <span class='ocrx_word' id='word_1_257' title='bbox 783 4246 816 4297; x_wconf 88' lang='lat' dir='ltr'>et</span> <span class='ocrx_word' id='word_1_258' title='bbox 839 4234 1008 4297; x_wconf 92' lang='lat' dir='ltr'>hominem</span> <span class='ocrx_word' id='word_1_259' title='bbox 1024 4232 1182 4318; x_wconf 90' lang='lat' dir='ltr'>probant,</span> <span class='ocrx_word' id='word_1_260' title='bbox 1199 4252 1363 4317; x_wconf 88' lang='lat' dir='ltr'>suumque</span> 
     </span>
    </p>
   </div>
   <div class='ocr_carea' id='block_1_12' title="bbox 0 0 1507 4988">
    <p class='ocr_par' dir='ltr' id='par_1_19' title="bbox 0 0 1507 4988">
     <span class='ocr_line' id='line_1_54' title="bbox 0 0 1507 4988; baseline 0 0"><span class='ocrx_word' id='word_1_261' title='bbox 0 0 1507 4988; x_wconf 95' lang='lat' dir='ltr'> </span> 
     </span>
    </p>
   </div>
  </div>
 </body>
</html>
