2978 4988
572 386 575 391 ,
756 377 953 438 -r-

272 574 465 631 auctorem“
492 568 654 653 appellat,
679 567 781 631 libros
812 569 992 654 diligenter
1025 569 1195 633 lectitasse
1220 572 1384 634 Tacitum
1418 585 1448 635 et

273 675 406 738 dicendi
431 697 539 760 genus
564 676 609 739 ad
630 675 715 738 illius
733 676 927 761 exemplum
942 677 1185 753 conformasse,
1204 678 1449 762 comprobatur

272 783 431 846 orationis
456 783 690 858 similitudine3
715 805 803 868 quae
834 785 1017 867 praecipue
1050 796 1194 867 apparet
1226 785 1257 845 in
1290 783 1380 847 libro
1407 786 1448 848 de

272 891 340 953 vita
367 904 400 952 et
425 888 573 952 moribus
598 889 782 975 Agricolae
816 891 953 975 scripto,
985 913 1086 977 quem
1111 891 1252 953 Tacitus
1281 913 1405 954 recens
1431 916 1447 954 a

272 996 624 1061 studiisSallustianis
648 999 781 1061 videtur
805 999 1047 1082 composuisse,
1072 1020 1148 1061 cum
1170 997 1306 1061 Sallusti
1332 1021 1449 1061 exem-

272 1104 364 1188 plum
390 1104 421 1165 in
446 1105 511 1167 hac
536 1125 672 1190 quoque
697 1127 733 1167 re
758 1117 895 1168 secutus
919 1106 1012 1168 initio
1046 1106 1174 1169 minora
1202 1106 1329 1189 scripta
1356 1128 1449 1169 com-

272 1223 434 1295 poneret3
459 1211 762 1294 deprehenduntur
786 1224 899 1275 autem
916 1214 1059 1298 vestigia
1080 1213 1272 1276 imitationis
1290 1213 1322 1274 in
1340 1214 1449 1274 omni-

271 1316 333 1380 bus
342 1318 455 1380 Taciti
472 1317 573 1381 libris.
607 1319 722 1394 Quam
739 1341 810 1381 rem
822 1319 1072 1382 illustraverunt
1085 1321 1245 1403 imprimis
1257 1319 1416 1404 Draeger
1428 1324 1446 1394 ¹,

272 1424 720 1502 Wolfflin2,.schanfe1d³.
766 1425 1040 1489 Consentaneum
1065 1426 1167 1511 igitur
1203 1439 1271 1498 est,
1305 1426 1447 1511 siquae

273 1530 450 1595 Sallustius
484 1533 526 1595 de
552 1531 730 1596 Germanis
764 1534 956 1617 scripserat,
985 1555 1031 1596 ea.
1058 1535 1195 1618 cognita
1219 1534 1381 1595 Tacitum
1415 1536 1447 1595 in

274 1662 369 1702 usum
396 1662 491 1703 suum
518 1641 735 1704 convertisse.
783 1640 973 1725 Scripserat
1006 1654 1119 1704 autem
1154 1641 1187 1702 in
1219 1640 1447 1703 Historiarum

272 1745 364 1808 libris
388 1746 583 1831 deperditis
608 1760 645 1810 ut
666 1770 708 1810 ex
725 1750 776 1811 his
793 1749 993 1833 fragmentis
1010 1748 1234 1832 intellegitur:
1262 1745 1448 1830 „Germani

272 1856 442 1935 (,cetera“
470 1856 606 1938 supplet
622 1855 776 1937 Dietsch)
800 1857 962 1917 intectum
988 1854 1167 1916 renonibus
1185 1875 1307 1935 corpus
1326 1866 1448 1936 tegunt

273 1960 384 2042 (Kritz
409 1962 510 2045 frgm.
537 1961 581 2024 Ill
606 1962 671 2042 57),
700 1962 844 2039 ,Vestes
868 1962 910 2024 de
927 1961 1070 2044 pellibus
1098 1983 1239 2022 renones
1257 1967 1444 2023 vocantur“

272 2070 327 2150 (58
353 2067 412 2149 Κ.)
438 2069 640 2152 Nomenque
665 2066 858 2130 Danubium
882 2066 985 2129 habet
1002 2067 1154 2148 (Hister),
1179 2078 1215 2128 ut
1241 2067 1284 2128 ad
1302 2066 1448 2129 Germa-

272 2196 390 2237 norum
434 2188 538 2236 terras
580 2174 778 2259 adstringit“
826 2175 880 2255 (55
926 2173 995 2253 Κ.).
1054 2172 1200 2234 Occasio
1243 2185 1357 2234 autem
1403 2174 1446 2235 de

272 2282 450 2352 Germanis
467 2281 602 2344 dicendi
620 2279 733 2343 oblata
746 2281 852 2343 videri
866 2280 976 2364 potuit
988 2279 1146 2343 Sallustio
1164 2280 1197 2341 in
1213 2279 1444 2363 descriptione

271 2388 349 2452 belli
374 2389 520 2462 servilis;
552 2388 645 2451 multi
680 2389 768 2451 enim
796 2409 970 2450 servorum
995 2409 1013 2450 e
1038 2386 1222 2451 Germania
1247 2388 1309 2448 orti
1335 2399 1443 2449 erant.

272 2495 341 2559 Sed
376 2496 481 2559 multo
516 2494 723 2580 probabilior
758 2506 809 2558 est
845 2517 885 2557 ea
921 2495 1101 2569 sententia,
1138 2516 1239 2579 quam
1272 2493 1445 2555 Kritzius⁴

272 2604 421 2691 protulit,
457 2603 630 2688 Koepke⁵
667 2615 700 2665 et
740 2602 992 2666 Wiedemann⁶
1033 2601 1240 2687 argumentis
1282 2599 1445 2683 gravibus

270 2709 518 2794 probaverunt:
552 2711 745 2795 fragmenta
778 2709 833 2772 illa
865 2720 1001 2792 sumpta
1036 2731 1109 2771 esse
1142 2730 1184 2771 ex
1212 2707 1442 2790 descriptione

272 2816 382 2892 Ponti,
400 2838 502 2900 quam
530 2817 648 2895 ,situm
665 2815 862 2878 Ponticum“
883 2816 936 2878 vel
954 2817 1070 2896 „situm
1085 2814 1204 2877 Ponti“
1232 2815 1445 2900 grammatici

272 2923 420 2986 laudant.
468 2924 505 2986 ln
530 2945 570 2986 ea
594 2936 707 2987 autern
731 2924 940 3009 digressione
966 2925 1075 2987 socios
1100 2924 1318 2998 Mithridatis,
1353 2922 1444 3004 regis

272 3017 390 3106 Pdnti,
429 3031 485 3114 qui
521 3031 611 3094 circa
647 3031 806 3115 paludem
841 3030 1069 3106 Maeotidem,
1106 3030 1269 3103 Tanaim,
1312 3028 1443 3102 Istrum,

272 3136 482 3221 Rhodopeos
507 3150 637 3200 montes
661 3136 872 3215 habitabant,
897 3138 1085 3220 descriptos
1102 3136 1216 3198 fuisse.
1244 3134 1334 3196 Inter
1358 3157 1443 3219 quos

272 3256 409 3328 praeter
439 3243 643 3329 Scytharum
673 3257 794 3330 gentes
827 3246 930 3309 luisse
964 3243 1148 3306 Bastarnas
1181 3243 1331 3327 aliasque
1356 3241 1444 3304 Ger-

272 3371 448 3413 manorum
479 3363 610 3436 gentes.
659 3339 738 3428 Quo
772 3353 902 3415 facturn
935 3373 1019 3427 esse,
1053 3364 1089 3412 ut
1121 3333 1325 3437 Scytharum
1358 3347 1445 3411 Ger-

273 3479 515 3543 manorumque
546 3458 615 3521 vita
646 3480 824 3544 moresque
856 3460 889 3520 in
921 3481 962 3521 ea
993 3458 1201 3542 digressione
1233 3478 1253 3517 a
1284 3455 1444 3518 Sallustio

271 3693 483 3701 ——

345 3815 354 3844 ¹
374 3818 481 3884 Syntax
501 3819 556 3885 und
576 3818 628 3867 Stil
651 3819 699 3866 des
720 3818 836 3865 Tacitus
858 3814 938 3866 1882ss
956 3832 981 3879 p.
1004 3817 1053 3865 125
1073 3831 1131 3878 sqq.

345 3905 473 3957 ’Philol
494 3909 526 3957 26
546 3924 571 3971 p.
595 3909 742 3958 raa-127.

346 3994 355 4023 ³
374 3998 418 4045 De
440 3998 532 4046 Taciti
552 3998 651 4046 studiis
672 3997 854 4046 Sallustianis.
874 3996 993 4043 Dissert.
1012 3994 1089 4056 Lips.
1111 3995 1186 4043 1884.

344 4085 354 4113 ⁴
374 4087 439 4135 edit.
461 4087 571 4137 Sallust.
590 4087 631 4135 ΙΠ
649 4101 675 4148 p.
695 4087 754 4135 238.

345 4173 390 4226 ⁶1.
410 4177 426 4227 l.
447 4192 473 4240 p.
493 4176 642 4225 aus—226.
746 4193 748 4196 ’

345 4263 391 4316 ⁶1.
411 4268 428 4315 l.
447 4282 473 4329 p.
495 4265 642 4315 171-194.
