2994 4988
630 364 850 427 ..53-

157 562 240 649 quin
264 574 299 624 et
324 558 527 624 commercia
551 569 585 621 et
610 579 650 621 ea
673 557 774 622 litora·
797 558 993 645 peragravit
1020 570 1116 622 tanta
1149 559 1248 644 copia
1279 559 1329 623 in-

157 682 271 747 vecta,
297 681 333 731 ut
357 667 442 730 retia
466 666 663 730 coercendis
691 666 772 729 feris
795 666 936 750 podium
958 667 1174 752 protegentia
1204 668 1328 730 sucinis

155 778 383 852 nodarentur,
417 775 544 837 harena
579 795 660 836 vero
695 786 728 836 et
764 772 892 836 libitina
928 786 1085 859 totusque
1130 775 1226 837 unius
1261 774 1328 837 diei

157 896 346 970 apparatus
369 883 402 945 in
428 881 613 944 variatione
637 902 783 965 pompae
808 881 1016 966 singulorum
1040 881 1170 944 dierum
1196 894 1285 945 esset
1310 904 1328 945 e

154 992 286 1055 sucin0.
333 989 521 1053 Maximum
544 987 677 1072 pondus
702 988 728 1050 is
752 987 895 1073 glaebae
920 988 1032 1051 attulit
1052 987 1134 1051 XIII
1158 988 1328 1052 librarum.

248 1102 301 1162 49.
327 1096 455 1160 taxatio
479 1096 513 1158 in
536 1095 664 1158 deliciis
688 1107 793 1166 tanta,
818 1107 855 1158 ut
878 1096 1021 1159 hominis
1044 1096 1198 1181 quamvis
1221 1118 1329 1180 parva

157 1205 290 1290 effigies
314 1204 465 1266 vivorum
497 1202 669 1265 hominum
702 1202 954 1287 vigentiumque
985 1203 1095 1286 pretia
1136 1215 1329 1288 exsuperet,

156 1332 297 1396 prorsus
320 1322 357 1374 ut
381 1309 559 1395 castigatio
583 1330 649 1371 una
675 1330 741 1372 non
766 1310 808 1372 sit
831 1309 922 1372 satis.

249 1423 302 1483 50.
328 1417 419 1481 Usus
444 1428 557 1480 tamen
587 1417 706 1502 aliquis
737 1416 929 1479 sucinorum
961 1417 1128 1480 invenitur
1158 1418 1192 1479 in
1225 1418 1330 1481 medi-

160 1526 246 1602 cina,
272 1525 423 1588 sednon
447 1522 491 1587 ob
515 1524 580 1589 hoc
605 1524 739 1587 feminis
762 1523 909 1607 placent.

667 1647 820 1711 Tacitus.

249 1762 280 1822 5.
307 1755 515 1838 (Germania)
540 1775 703 1839 pecorum
728 1755 877 1818 fecunda
902 1804 909 1819 .
935 1803 942 1818 .
968 1803 975 1819 .
1008 1777 1146 1818 numero
1177 1756 1330 1842 gaudent

162 1889 291 1953 eaeque
315 1866 407 1929 solae
432 1877 466 1928 et
488 1864 700 1950 gratissimae
725 1886 808 1948 opes
837 1878 914 1928 sunt
940 1912 1078 1927 .....
1112 1863 1257 1947 proximi
1286 1862 1330 1926 ob

160 1996 258 2038 usum
283 1973 562 2037 commerciorum
585 1993 703 2034 aurum
728 1983 761 2034 et
786 1985 964 2057 argentum
995 1972 1028 2035 in
1062 1971 1172 2055 pretio
1203 1970 1330 2034 habent

161 2083 356 2165 formasque
395 2080 560 2164 quasdam
593 2091 728 2142 nostrae
761 2080 927 2163 pecuniae
962 2079 1176 2164 adgnoscunt
1207 2089 1240 2141 et
1273 2078 1331 2141 eli-

161 2200 263 2273 gunt:
288 2187 464 2250 interiores
487 2186 669 2270 simplicius
701 2198 734 2248 et
766 2185 936 2271 antiquius
967 2186 1215 2270 permutatione
1247 2207 1330 2248 mer·

161 2296 248 2358 cium
279 2306 417 2357 utuntur
425 2317 433 2369 3
464 2294 644 2378 pecuniam
676 2292 823 2377 probant
853 2305 1004 2356 veterem
1046 2304 1079 2355 et
1115 2292 1172 2355 diu
1203 2303 1329 2368 notam,

161 2415 306 2465 serratos
350 2401 562 2486 bigatosque.
633 2398 824 2485 Argentum
872 2421 1007 2486 quoque
1056 2400 1182 2486 magis,
1228 2421 1330 2485 quam

162 2531 279 2572 aurum
303 2519 499 2593 sequuntur,
523 2508 602 2592 quia
632 2529 790 2570 numerus
821 2520 1061 2593 argenteorum
1094 2506 1227 2571 facilior
1256 2506 1331 2569 usui

163 2629 210 2679 est
234 2616 426 2700 promiscua
450 2635 491 2678 ac
516 2614 592 2677 vilia
618 2614 854 2678 mercantibus.

253 2727 302 2787 17.
328 2722 460 2786 Gerunt
495 2734 529 2785 et
563 2722 712 2785 ferarum
748 2723 864 2806 pelleS,
899 2722 1045 2807 proximi
1085 2722 1178 2806 ripae
1215 2720 1331 2806 negle-

163 2845 291 2916 genter,
315 2831 490 2894 ulteriores
515 2830 724 2915 exquisitiuS,
748 2843 785 2893 ut
808 2828 931 2915 quibus
947 2829 1056 2892 nullus
1080 2850 1142 2913 per
1165 2848 1330 2891 commer-

163 2939 211 3001 cia
235 2939 354 3002 cultus.

250 3049 301 3110 23.
327 3045 471 3129 proximi
495 3045 588 3128 ripae
613 3056 647 3106 et
671 3043 784 3106 vinum
810 3055 1011 3106 mercantur.

250 3156 302 3216 24.
327 3172 444 3214 servos
469 3151 677 3215 condicionis
701 3151 798 3213 huius
822 3172 885 3235 per
908 3150 1111 3214 commercia
1136 3149 1283 3213 tradunt.

248 3263 300 3322 41.
326 3257 572 3321 Hermunduris
596 3258 675 3320 solis
699 3256 947 3320 Germanorum
970 3279 1038 3321 non
1070 3257 1103 3320 in
1133 3257 1207 3341 ripa
1238 3277 1330 3320 com-

164 3366 331 3440 mercium,
357 3364 417 3427 sed
439 3365 573 3449 penitus
597 3376 699 3449 atque
724 3365 757 3426 in
781 3364 1052 3448 splendidissima
1075 3365 1220 3428 Raetiae
1251 3385 1330 3449 pro-

163 3472 289 3534 vinciae
327 3471 475 3547 colonia3
510 3473 635 3556 passim
671 3473 741 3534 sine
778 3471 919 3535 custode
959 3484 1151 3547 transeunt3
1187 3484 1221 3536 et
1252 3493 1329 3536 cum

164 3580 283 3642 ceteris
321 3578 480 3664 gentibus
518 3601 612 3642 arma
651 3579 753 3642 modo
793 3591 971 3664 castraque
1011 3580 1240 3658 ostendamus,
1278 3580 1329 3644 his

164 3685 279 3749 domos
302 3685 466 3770 villasque
491 3687 724 3769 patefecimus

249 3798 302 3858 45.
329 3792 437 3856 Aestii
461 3814 553 3856 mare
577 3806 769 3857 scrutantur
785 3815 826 3857 ac
851 3793 1003 3856 sucinum
1020 3795 1107 3858 inter
1121 3795 1211 3858 vada
1227 3807 1330 3881 atque

164 3899 193 3962 in
228 3901 302 3984 ipso
335 3899 431 3963 litore
467 3901 600 3987 legunt3
625 3902 682 3965 diu
717 3902 804 3964 inter
836 3913 950 3965 cetera
981 3902 1205 3966 eiectamenta
1229 3903 1330 3967 maris

163 4006 306 4084 iacebat,
331 4007 440 4071 donec
463 4008 595 4071 luxuria
618 4020 734 4071 nostra
757 4008 852 4072 dedit
882 4030 1022 4084 nomen3
1056 4010 1136 4095 ipsis
1170 4010 1204 4073 in
1240 4009 1330 4073 nullo

163 4134 243 4176 usu:
269 4114 352 4177 rude
386 4114 519 4201 legitur,
554 4116 697 4178 informe
728 4116 899 4199 perfertur
933 4117 1147 4202 pretiumque
1172 4116 1331 4181 mirantes

163 4221 360 4308 accipiunt.“
