2994 4988
637 357 858 418 „33-

164 547 311 625 Marsos,
336 546 561 624 Gambrivios,
596 549 653 633 qui
688 549 721 610 in
756 550 822 612 hoc
855 548 898 612 de
923 548 1107 612 Germania
1133 548 1249 613 libello
1268 549 1319 613 hoc

164 666 295 718 tanturn
328 654 403 717 loco
435 655 657 731 nominantur,
689 655 830 731 Suebos,
862 677 947 740 quos
978 654 1106 719 Plinius
1139 656 1175 719 in
1204 657 1322 720 Hermi·

165 783 288 825 nonum
313 783 452 824 numero
477 763 591 838 refert,
617 762 803 839 Vandilios
836 784 923 847 quos·
952 762 1080 826 Plinius
1114 764 1228 848 primo
1260 763 1323 827 loco

163 869 275 952 ponit;
308 869 443 931 nomina
474 868 527 931 illa
559 890 640 932 vera
671 880 705 932 et
737 870 876 955 antiqua
909 890 983 932 esse
1008 869 1055 932 ait
1079 869 1238 948 Tacitus,
1261 891 1325 934 cum

164 973 365 1038 Germaniae
390 975 593 1039 vocabulum
605 996 723 1039 recens
747 988 781 1039 et
804 998 913 1060 nuper
924 976 1078 1040 additum
1094 977 1148 1040 sit.
1175 977 1326 1042 Ceterum

164 1081 305 1144 Tacitus
330 1082 551 1167 complurium
575 1094 751 1146 auctorum
776 1083 818 1147 de
843 1083 899 1146 illa
922 1105 958 1146 re
981 1084 1169 1148 sententias
1186 1086 1328 1149 referens

165 1189 211 1251 ita
235 1188 392 1273 loquitur,
427 1201 463 1252 ut
499 1202 665 1274 appareat
700 1211 776 1252 eum
811 1190 892 1253 nihil
927 1192 1010 1254 certi
1045 1190 1088 1253 de
1113 1190 1172 1254 illa
1196 1213 1233 1255 re
1258 1213 1330 1255 con·

165 1308 254 1358 stare
279 1295 548 1381 significantem1
573 1294 670 1359 Plinii
698 1296 803 1360 verba
835 1298 1006 1383 corrigere
1037 1296 1141 1372 velle;
1175 1299 1219 1362 de
1251 1297 1330 1362 Peu-

166 1402 466 1478 cinis-Bastamis,
503 1425 587 1487 quos
622 1404 773 1488 quintam
808 1417 940 1488 partem
976 1404 1228 1469 Germanorum
1262 1427 1327 1470 esse

165 1507 291 1573 Plinius
326 1511 396 1573 sine
431 1510 498 1573 ulla
534 1510 744 1575 dubitatione
784 1511 877 1587 dicit,
912 1513 1054 1575 Tacitus
1088 1513 1131 1595 (c.
1158 1515 1215 1595 46)
1240 1511 1330 1576 Pliuii

165 1616 269 1681 verba
294 1619 487 1702 respiciens,
512 1618 648 1682 uberius
672 1620 833 1704 disputat,
857 1632 894 1683 ut
917 1621 1005 1683 inter
1030 1619 1223 1683 Germanos
1253 1619 1330 1704 (non

165 1725 250 1787 inter
282 1724 467 1807 Sarmatas)
503 1727 701 1791 referendos
737 1748 809 1791 esse
845 1727 1064 1791 demonstret.
1123 1725 1161 1788 In
1198 1727 1331 1813 singulis

166 1843 277 1894 autem
302 1831 549 1896 Germanorum
573 1833 730 1919 gentibus
755 1834 986 1897 describendis
1018 1835 1063 1915 (in
1097 1833 1208 1897 altera
1239 1845 1331 1919 parte

165 1936 278 2020 libelli)
303 1939 445 2003 Tacitus
469 1939 758 2004 distributionibus
788 1955 820 2004 et
844 1940 1128 2026 appellationibus
1153 1940 1218 2003 illis
1242 1963 1333 2026 pror-

166 2067 221 2108 sus
246 2047 408 2131 neglectis
432 2048 576 2131 primum
601 2050 643 2130 (c.
671 2051 814 2130 30-37)
839 2070 897 2111 eos
920 2048 1076 2133 populos,
1101 2048 1159 2132 qui
1176 2049 1333 2112 occiden-

166 2164 233 2215 tem
258 2174 374 2215 versus
398 2152 607 2230 habitabant,
633 2155 755 2219 deinde
782 2157 825 2237 (c.
844 2157 987 2236 38-45)
1012 2153 1206 2218 Sueborum
1230 2177 1335 2240 popu·

165 2259 214 2322 los
239 2260 401 2323 orientem
433 2283 549 2324 versus
582 2260 774 2325 habitantes
805 2261 985 2337 describit3
1018 2263 1230 2345 separandos
1264 2284 1335 2326 esse
1372 2328 1374 2333 ,

165 2365 307 2443 Suebos,
332 2389 417 2453 quos
441 2367 568 2432 Plinius
602 2370 634 2431 in
667 2369 929 2432 HermInonibus
958 2380 1129 2444 numerat,
1160 2389 1181 2431 a
1217 2371 1336 2434 ceteris
1371 2358 1374 2407 ³

167 2472 355 2550 Germanis,
381 2474 516 2539 uberius
542 2478 681 2561 exponit
706 2479 747 2559 (c.
774 2479 863 2559 38).2
888 2475 1072 2540 Coniunxit
1088 2475 1235 2540 Tacitus
1251 2478 1336 2540 hanc

167 2580 208 2642 de
233 2581 391 2665 gentibus
415 2582 673 2667 nominibusque
697 2583 945 2646 Germanorum
970 2582 1239 2667 disputationem
1262 2605 1337 2648 cum

166 2687 220 2749 illa
252 2688 294 2750 de
329 2690 456 2774 origine
482 2691 697 2775 quaestione;
724 2690 766 2752 de
802 2711 879 2775 qua,
914 2712 1001 2775 quae
1033 2690 1217 2774 scriptores
1249 2691 1337 2777 iique

167 2795 375 2877 potissimum
392 2795 515 2859 Graeci
535 2796 756 2873 tradiderant,
781 2818 936 2882 quaeque
960 2795 1209 2860 narrationibus
1234 2799 1340 2862 homi-

166 2923 245 2964 num
279 2903 622 2980 circumferebantur,
646 2903 806 2968 Tacitum
829 2917 907 2967 ante
933 2905 1048 2967 oculos
1073 2903 1234 2968 habuisse
1251 2906 1340 2970 arbi-

165 3020 235 3071 tror
269 3008 312 3072 ab
348 3011 421 3094 ipso
456 3010 565 3074 Plinio
600 3034 659 3074 seu
694 3012 837 3080 collecta
872 3034 932 3074 seu
956 3033 998 3074 ex
1023 3010 1159 3074 Graeco
1186 3008 1339 3096 quodam

165 3117 222 3200 qui
247 3117 431 3203 collegerat
455 3120 652 3183 translata³

254 3224 396 3288 Tacitus
421 3233 494 3311 cap.
520 3248 550 3308 4.
575 3227 697 3289 rutilas
720 3250 785 3289 esse
801 3248 908 3289 comas
925 3226 1072 3288 omnium
1088 3224 1339 3290 Germanorum

166 3330 258 3407 dicit,
292 3353 368 3394 cum
404 3333 554 3396 eiusdem
588 3347 700 3397 essent
737 3335 884 3420 originis.
936 3331 1125 3417 „Saponem
1161 3332 1338 3397 Gallorum

165 3439 337 3501 inventum
362 3441 536 3504 rutilandis
561 3441 689 3526 capillis
714 3442 805 3524 apud
830 3441 1019 3504 Germanos
1052 3440 1178 3502 maiore
1209 3441 1245 3503 in
1276 3463 1338 3505 usu

149 3546 243 3623 ,viris
269 3568 352 3622 esse,
378 3568 478 3631 quam
503 3549 667 3623 feminis“‚
693 3547 785 3632 quod
808 3547 935 3609 Plinius
951 3545 1109 3609 XXVIII
1137 3550 1195 3610 191
1221 3548 1337 3624 tradit,

167 3652 308 3715 Tacitus
346 3655 505 3739 neglexit,
542 3677 616 3718 cum
653 3655 696 3717 ad
733 3656 895 3740 originem
929 3653 1204 3739 cognoscendam
1227 3656 1337 3718 minus

166 3759 304 3823 valeret.
360 3760 549 3847 Descripsit
584 3784 665 3825 vero
702 3764 746 3844 (c.
784 3765 838 3844 31)
875 3761 1076 3825 Chattorum
1120 3772 1153 3823 et
1196 3762 1239 3842 (e.
1282 3764 1336 3844 38)

256 3955 264 3984 ¹
287 3960 454 4020 „vocentur“
477 3960 675 4028 (Coniunctiv),
698 3967 743 4024 „ut
763 3963 790 4008 in
809 3961 922 4008 licentia
942 3959 1116 4008 vetustatis“.

256 4045 315 4095 '²In
344 4048 444 4097 Suebis
474 4049 663 4099 describendis
699 4051 830 4098 Tacitum
859 4051 1016 4098 recent10re
1045 4047 1123 4097 fonte
1163 4064 1243 4097 usum
1275 4064 1335 4098 esse

165 4141 252 4199 patet.

256 4224 265 4251 ⁸
285 4226 320 4275 cf.
341 4242 423 4290 supra
442 4243 468 4290 p.
491 4230 530 4278 18.
