2978 4988
736 361 957 423 ...54-

351 555 456 619 Ratio
481 556 582 641 igitur
599 555 879 619 commerciorum
904 553 995 638 apud
1012 551 1201 616 Germanos
1228 574 1270 616 ea
1297 565 1380 630 erat,
1399 564 1427 616 ut

261 684 369 747 prope
394 663 553 726 Rhenum
577 663 837 747 Danuviumque
862 659 1053 723 habitantes
1074 661 1243 744 pecuniae
1259 660 1429 725 Romanae

235 818 237 822 ,
261 770 389 833 formas
413 771 579 854 quasdam
602 770 862 855 adgnoscerent,
887 789 963 831 curn
987 768 1162 830 interiores
1186 769 1432 851 permutatione

262 877 424 940 mercium
459 889 642 940 uterentur.
697 875 921 961 Appetebant
957 887 1071 938 autem
1105 874 1256 937 Romani
1292 897 1339 938 ex
1373 876 1435 938 ani·

262 983 405 1046 malibus
430 995 566 1067 praeter
590 985 733 1069 insignia
757 982 860 1046 bourn
885 1004 1013 1067 genera
1038 981 1198 1066 imprimis
1222 1003 1379 1059 anseres,
1403 995 1434 1044 ut

264 1112 282 1153 e
305 1092 419 1176 pluma
444 1091 534 1154 molli
558 1091 746 1176 pulvinaria
770 1091 943 1164 iacerent3
968 1090 1118 1152 ferarum
1134 1087 1241 1172 pelles
1264 1110 1331 1172 per
1355 1110 1436 1151 com-

263 1200 388 1262 mercia
420 1200 593 1283 accepisse
623 1198 798 1262 Romanos
832 1219 874 1260 ex
897 1197 983 1260 Tac.
1016 1217 1044 1259 e.
1072 1200 1110 1260 ll
1136 1195 1246 1258 conici
1271 1196 1373 1270 licet;
1398 1218 1437 1258 ex

263 1304 376 1368 herbis
401 1306 484 1368 siser
518 1306 572 1368 vel
606 1305 650 1369 ab
686 1307 890 1390 imperatore
915 1303 1055 1367 Tiberio
1090 1304 1272 1388 quotannis
1310 1325 1330 1366 e
1356 1302 1439 1366 Ger-

263 1413 373 1474 mania
406 1411 638 1496 flagitabatur3
669 1424 876 1496 acceperunt
908 1423 1087 1495 praeterea
1118 1431 1138 1472 a
1161 1407 1348 1473 Germanis
1372 1409 1440 1472 Ro-

264 1520 353 1581 mani
378 1541 503 1582 servos.
540 1519 691 1582 Maxime
715 1531 829 1583 autem
865 1518 1028 1581 electrum
1060 1517 1234 1602 petebant,
1271 1518 1318 1581 ad
1349 1519 1440 1604 quod

266 1627 543 1710 conquirendum,
580 1648 656 1690 cum
691 1628 725 1689 in
758 1626 894 1689 summis
919 1626 1047 1689 deliciis
1071 1624 1246 1702 haberent,
1272 1626 1306 1687 in
1334 1647 1443 1690 remo-

265 1733 409 1797 tissimas
433 1735 589 1819 regiones
613 1734 657 1797 ad
692 1734 791 1797 litora
829 1734 928 1797 maris
953 1731 1090 1796 Suebici
1124 1743 1336 1796 mercatores
1367 1755 1443 1818 per-

265 1839 433 1903 meabant.
497 1839 732 1904 Adierebatur
764 1841 925 1904 electrum
963 1838 1060 1902 Plinii
1095 1851 1128 1902 et
1161 1839 1275 1903 Taciti
1312 1852 1441 1917 aetate,

265 1968 342 2010 cum
376 1960 476 2010 antea
509 1969 571 2031 per
602 1947 746 2010 Galliam
780 1948 824 2011 ad
849 1947 969 2009 ostium
994 1945 1154 2009 Rhodani
1183 1957 1241 2009 aut
1265 1968 1330 2031 per
1357 1947 1443 2034 Scy·

267 2055 369 2117 thiam
395 2054 438 2117 ad
462 2065 604 2138 pontum
628 2054 798 2117 Euxinum
823 2053 1021 2117 translatum
1045 2066 1145 2130 esset,
1177 2075 1197 2116 a
1221 2054 1307 2116 mari
1343 2055 1444 2118 meri-

265 2161 354 2224 diem
390 2183 506 2224 versus
541 2183 603 2246 per
625 2160 843 2224 Germaniam
878 2162 911 2223 in
946 2160 1157 2223 Pannoniam
1187 2160 1337 2223 maxime
1365 2183 1444 2246 pro-

265 2269 410 2330 vinciam
434 2268 579 2353 indeque
613 2269 657 2331 ad
693 2290 785 2331 mare
821 2267 1056 2331 Hadriaticum
1090 2279 1193 2353 atque
1224 2268 1258 2329 in
1295 2267 1443 2331 ltaliam.

266 2374 342 2438 Hoc
367 2377 570 2439 commercio
594 2398 753 2461 magnam
777 2388 886 2439 terrae
916 2376 1155 2459 hominumque
1189 2374 1347 2437 notitiam
1382 2374 1445 2439 sibi

265 2482 412 2545 Romani
436 2495 642 2566 paraverunt
675 2495 745 2545 tum
779 2504 821 2545 ex
852 2481 1131 2568 negotiatoribus
1163 2482 1223 2568 qui
1255 2482 1288 2543 in
1314 2494 1444 2546 terram

265 2589 523 2675 progredientes
540 2611 669 2653 merces
686 2612 706 2652 a
719 2589 897 2652 Germanis
915 2588 1083 2666 emebant,
1101 2602 1170 2651 tum
1188 2610 1230 2651 ex
1247 2587 1444 2666 Germanis

266 2697 323 2780 qui
349 2718 407 2758 eas
431 2718 474 2758 ex
499 2697 655 2760 interiore
679 2708 770 2758 terra
786 2696 830 2759 ad
847 2696 959 2759 Rheni
975 2696 1189 2781 Danuviique
1207 2696 1298 2780 ripas
1315 2697 1446 2761 affere-

267 2801 359 2865 bant.
406 2803 520 2865 Taciti
556 2802 764 2887 temporibus
800 2803 844 2866 ad
878 2802 1025 2866 Danuvii
1056 2804 1157 2887 ripaS,
1182 2825 1250 2889 quo
1274 2803 1445 2868 electrum

266 2909 475 2993 potissimum
487 2909 706 2986 afferebatur,
713 2911 991 2973 commerciorum
1004 2932 1101 2973 usum
1110 2912 1326 2996 frequentem
1335 2912 1444 2975 fuisse

266 3028 371 3100 patet.
396 3015 613 3080 Uberrimum
630 3019 719 3080 hunc
735 3018 938 3104 cognitionis
954 3019 1085 3080 fontem
1095 3018 1199 3081 fuisse
1213 3039 1255 3080 ex
1274 3037 1316 3079 eo
1334 3039 1443 3103 appa-

267 3136 329 3199 ret,
353 3123 445 3207 quod
469 3124 621 3200 Tacitus,
652 3146 858 3209 quamquam
888 3146 956 3188 non
979 3125 1026 3186 ita
1057 3123 1162 3187 multo
1190 3135 1268 3208 post
1292 3122 1442 3187 Plinium

267 3231 419 3314 scripsit,
444 3231 486 3294 de
511 3231 644 3315 populis
668 3232 769 3294 maris
793 3231 947 3308 Suebici,
979 3230 1036 3294 ubi
1068 3231 1229 3294 electrum
1253 3229 1322 3315 legi
1347 3230 1442 3306 dicit,

267 3337 344 3399 litus
376 3337 608 3401 accolentibus
632 3339 737 3402 multo
765 3341 956 3403 accuratius
980 3339 1127 3414 disserit,
1151 3358 1253 3423 quarn
1277 3335 1442 3400 Plinius.1

269 3443 389 3529 Itaque
415 3465 491 3507 curn
515 3445 580 3508 alia
604 3457 674 3508 tum
699 3468 750 3522 ea,
768 3468 856 3531 quae
880 3446 923 3509 de
947 3445 1081 3530 populis
1098 3443 1252 3509 Suebicis
1277 3443 1441 3508 aTacito

269 3553 311 3632 (e.
338 3552 482 3632 38-45)
507 3552 695 3628 traduntur,
720 3553 847 3615 maiore
873 3574 915 3615 ex
939 3565 1036 3636 parte
1062 3573 1104 3615 ex
1129 3552 1195 3614 hoc
1228 3552 1324 3614 fonte
1351 3573 1441 3614 ema·

268 3679 366 3720 nasse
390 3660 662 3744 commercioque
692 3659 857 3722 Romanis
881 3660 1073 3745 Tacitoque
1103 3657 1315 3743 pernotuisse
1346 3671 1441 3722 recte

269 3764 503 3827 iudicaveris2
549 3765 703 3852 Linguae
721 3765 969 3830 Germanorum
993 3767 1140 3850 aliquam
1156 3763 1310 3828 notitiam
1334 3763 1443 3829 habu-

360 3959 508 4010 lUberius
535 3963 568 4011 de
596 3964 648 4012 hac
677 3980 706 4013 re
731 3964 855 4027 disputat
879 3963 1062 4011 Mullenhoff:
1083 3963 1229 4012 Deutsche
1250 3961 1440 4011 Alterthums·

269 4050 360 4099 kunde
380 4052 392 4098 Ι
412 4053 462 4101 215
482 4068 541 4116 sqq.
560 4053 586 4101 II
606 4055 630 4103 3.

359 4138 529 4190 ²Indicatur
558 4142 628 4190 haec
656 4157 701 4190 res
730 4144 816 4205 ipsius
845 4143 980 4189 orationis
1018 4140 1124 4188 forma:
1178 4141 1333 4204 Postquam
1368 4140 1436 4188 enim

271 4245 374 4292 earum,
395 4246 465 4295 quae
486 4232 663 4280 occidentem
690 4246 785 4281 versus
812 4231 948 4290 habitant,
968 4233 1095 4295 gentium
1123 4229 1342 4294 descriptionem
1362 4227 1435 4278 brevi
