2978 4988
543 364 807 427 265-

166 563 267 646 ¹uitur,
292 572 328 622 ut
352 559 523 644 proximos
547 558 627 641 ripis
651 556 764 619 Rheni
790 553 1004 639 Danubiique
1037 564 1071 616 et
1105 552 1280 615 interiores

181 671 213 750 5)
238 668 311 751 pari
336 666 436 728 modo
460 666 480 727 i.
506 686 534 727 e.
560 686 601 726 ex
626 662 717 726 libris
750 659 1106 746 percontationibusve
1139 659 1281 722 aliorum

180 797 220 838 eo
246 774 400 858 cognitos
426 794 498 834 esse
523 782 697 855 appareat.

201 881 481 944 Luculentissime
506 892 620 942 autem
644 899 718 940 mea
751 877 888 962 quidem
922 876 1088 942 sententia
1121 873 1281 937 Tacitum

166 1013 179 1052 r
219 992 326 1072 ipsum
366 990 398 1049 in
442 986 624 1050 Germania
672 985 776 1048 luisse
816 995 959 1068 apparet
998 1004 1040 1045 ex
1079 983 1130 1044 his
1169 979 1280 1043 verbis

167 1118 183 1160 s
208 1101 249 1176 (o.
276 1098 325 1177 3):
355 1093 534 1172 ,Ceterum
560 1105 592 1154 et
619 1091 753 1155 Ulixem
785 1091 924 1176 quidam
956 1090 1136 1174 opinantur
1169 1088 1280 1150 adisse

167 1202 315 1265 rmaniae
351 1212 457 1262 terras
494 1199 823 1283 Asciburgiumque,
858 1197 951 1282 quod
997 1197 1030 1258 in
1060 1197 1132 1280 ripa
1167 1195 1280 1259 Rheni
1336 1277 1338 1282 Ι

166 1332 211 1372 rm
235 1309 403 1393 hodieque
429 1308 592 1382 incolitur,
616 1307 660 1369 ab
678 1306 732 1369 illo
750 1289 968 1369 constitutum
985 1304 1280 1388 nominatumque3

166 1440 206 1480 >m
230 1419 310 1502 quin
328 1419 429 1478 etiam
454 1415 545 1479 Ulixi
570 1426 804 1478 consecratam
827 1413 961 1476 adiecto
995 1411 1143 1475 Laertae
1176 1411 1281 1495 patris

168 1525 245 1586 nine
285 1525 406 1586 eodem
450 1523 523 1584 loco
563 1522 642 1584 olim
680 1533 869 1605 repertam,
918 1531 1203 1604 monumentaque
1247 1530 1281 1582 et

170 1632 256 1694 tulos
297 1631 461 1715 quosdam
501 1629 642 1693 Graecis
682 1630 799 1691 litteris
834 1630 1012 1712 inscriptos
1064 1628 1096 1689 in
1137 1627 1281 1690 confinio

172 1740 315 1801 rmaniae
344 1738 556 1821 Raetiaeque
587 1736 699 1798 adhuc
731 1747 875 1798 exstare.
924 1733 1024 1810 Quae
1058 1756 1168 1819 neque
1201 1757 1282 1800 con-

174 1868 244 1908 rare
269 1846 475 1931 argumentis
499 1866 608 1929 neque
626 1844 781 1906 refellere
805 1845 837 1905 in
862 1844 973 1906 animo
991 1855 1059 1918 est3
1085 1864 1127 1907 ex
1143 1845 1280 1931 ingenio

197 1954 338 2038 quisque
363 1953 476 2016 demat
501 1953 553 2014 vel
577 1952 682 2015 addat
706 1952 837 2015 fidem.“
886 1951 976 2014 Rem
1007 1951 1146 2038 dignam
1174 1954 1280 2016 visam

179 2085 185 2123 ε
210 2060 343 2134 Tacito
369 2082 455 2143 quae
480 2061 671 2122 accuratius
688 2071 963 2143 cognosceretur,
988 2080 1030 2122 ex
1047 2061 1150 2144 ipsius
1167 2060 1279 2124 verbis

181 2182 217 2231 et.
265 2167 381 2250 ltaque
406 2168 431 2228 si
458 2168 528 2250 ipse
552 2167 585 2227 in
608 2165 721 2228 Rheni
745 2168 818 2250 ripa
842 2179 945 2251 atque
969 2168 1001 2228 in
1026 2167 1170 2230 confinio
1195 2166 1281 2231 Ger-

183 2275 243 2336 riae
272 2274 506 2357 Rhaetiaeque
542 2272 672 2348 fuisset,
709 2294 780 2334 rem
815 2273 895 2357 ipsis
929 2273 1012 2336 locis
1048 2285 1280 2358 perscrutatus

185 2382 310 2465 psisset,
335 2393 393 2442 aut
417 2402 509 2443 aram
534 2380 623 2442 illam
648 2381 681 2441 in
705 2379 818 2442 Rheni
842 2382 915 2463 ripa
939 2394 1222 2466 monumentaque
1247 2395 1281 2446 et

186 2488 257 2551 ulos
281 2490 314 2551 in
340 2489 484 2551 confinio
508 2486 711 2550 Germaniae
736 2487 948 2573 Raetiaeque
973 2510 1008 2552 re
1033 2511 1113 2552 vera
1145 2501 1280 2553 exstare

195 2596 281 2658 falso
307 2595 470 2680 quosdam
496 2606 630 2656 exstare
655 2595 800 2678 opinari;
826 2599 1034 2683 argumentis
1065 2613 1178 2664 autem
1209 2622 1280 2664 rem

190 2701 312 2764 irmare
336 2715 394 2764 aut
419 2701 572 2764 refellere
598 2714 631 2764 et
656 2723 698 2764 ex
730 2704 864 2787 ingenio
896 2706 1032 2771 demere
1066 2709 1124 2771 vel
1152 2709 1280 2772 addere

193 2831 225 2885 n,
254 2810 279 2871 si
312 2809 453 2872 Tacitus
482 2831 643 2893 praesens
677 2811 854 2895 explorare
887 2816 1064 2898 potuisset,
1097 2838 1164 2880 non
1197 2839 1282 2902 opus

202 3021 237 3085 Si
262 3045 341 3085 vero
366 3022 507 3085 Tacitus
531 3045 573 3086 ne
597 3024 641 3087 ad
668 3025 757 3108 ripas
781 3025 928 3090 Danuvii
952 3030 1089 3114 quidem
1113 3033 1146 3094 in
1170 3032 1282 3118 splen-

202 3130 284 3192 sima
301 3130 444 3192 Raetiae
468 3131 663 3214 provinciae
689 3132 820 3196 colonia
841 3135 1000 3222 Augusta
1016 3138 1282 3219 Vindelicorum,

200 3259 206 3298 e
231 3237 276 3299 ad
300 3238 389 3320 ripas
413 3236 524 3300 Rheni
549 3240 687 3323 quidem
710 3242 743 3302 in
767 3243 998 3328 antiquissimo
1023 3247 1149 3331 oppido
1184 3247 1284 3312 Asci-

203 3344 234 3406 io
258 3356 361 3427 atque
386 3346 418 3406 in
443 3343 607 3408 Ubiorum
633 3346 852 3412 celeberrima
881 3351 1013 3415 colonia
1036 3351 1280 3439 Agrippinensi

213 3451 338 3512 nullam
368 3450 571 3515 Germaniae
590 3460 728 3539 partem
751 3456 858 3518 adisse
885 3458 1016 3543 suisque
1039 3460 1140 3523 oculas
1162 3461 1284 3528 vadarca

206 3557 284 3618 adas
307 3566 364 3620 est.

211 3876 384 3962 Reliquum
409 3894 469 3956 est,
493 3894 529 3944 ut
553 3883 597 3946 ad
621 3887 821 3950 sententiam
845 3904 994 3955 nostram
1019 3893 1284 3960 confirmandam

216 4007 349 4047 aremus
375 3989 455 4050 alios
481 3989 583 4054 libros
617 3994 902 4079 ethnographicos
935 4002 1109 4086 antiquOS‚
1141 4025 1284 4088 quorum

218 4114 269 4154 res
294 4107 327 4154 et
351 4095 413 4176 ipsi
438 4107 555 4173 terras,
580 4120 663 4184 quas
689 4102 899 4181 describunt,
931 4128 998 4169 non
1022 4108 1186 4174 viderant.

217 4215 256 4279 lc
281 4218 386 4301 prima
412 4221 548 4303 quidem
573 4225 776 4290 nominanda
801 4229 935 4293 videtur
968 4229 1080 4294 Taciti
1104 4233 1210 4320 apsaro
1244 4240 1284 4302 de
