2978 4988
604 384 827 445 ..45-

171 600 264 666 gnum
287 578 357 641 sole
381 589 594 652 transeunte,
618 576 690 639 nul·
744 597 825 638 vera
850 612 891 620 -
917 585 1046 637 tanturn
1079 585 1210 638 natura.
1244 577 1302 657 (ci.

172 705 248 771 sque
290 695 408 748 contra
442 705 503 768 per
535 683 688 746 brumam
743 681 861 767 Agric.
904 685 964 744 12:
1007 680 1155 759 „dierum
1194 683 1304 766 spatia

173 814 212 857 ss.
281 791 357 854 Hoc
408 791 545 875 quidam
600 790 688 852 senis
743 789 829 852 ultra
853 789 957 851 nostri
982 786 1071 851 orbis
1093 809 1303 864 mensuram;

174 900 299 964 ensibus
324 899 489 963 continuis
512 897 583 961 fieri
600 896 689 960 arbi·
742 919 809 960 nox
834 897 925 959 clara
947 908 981 958 et
1005 907 1156 959 extrema
1170 895 1303 960 Britan-

175 1019 261 1071 mtur
285 1054 425 1070 .....
520 990 521 994 ¹
741 1007 816 1068 niae
851 1018 948 1089 parte
987 1003 1116 1080 brevis,
1140 1017 1176 1067 ut
1199 1002 1301 1066 finem

176 1115 319 1202 aThyle
343 1114 440 1177 unius
464 1113 531 1176 diei
548 1112 687 1197 naviga·
741 1124 843 1197 atque
880 1103 1013 1174 initium
1052 1111 1135 1174 lucis
1174 1112 1299 1197 exiguo

177 1243 219 1285 ne
243 1243 334 1284 mare
357 1233 551 1283 concretum
568 1241 588 1282 a
604 1240 687 1281 non·
741 1219 1155 1282 discrimineinternoseas.
1166 1218 1300 1295 Quodsi

177 1328 226 1392 llis
250 1327 411 1392 Cronium
436 1327 635 1412 appellatur.
740 1325 847 1390 nubes
883 1347 949 1389 non
989 1325 1158 1401 officiant,
1193 1326 1299 1410 aspici

740 1455 802 1518 per
834 1445 970 1496 noctem
1005 1433 1083 1496 solis
1119 1433 1299 1518 fulgorem,

741 1562 804 1603 nec
835 1540 992 1603 occidere
1033 1552 1066 1603 et
1104 1562 1298 1627 exsurgere,

741 1648 803 1711 sed
827 1648 969 1711 transire
992 1647 1218 1731 adfirmant.“)

217 1792 384 1856 Naturam
420 1793 468 1855 rei
504 1791 632 1855 Plinius
665 1792 782 1854 melius
818 1791 1032 1876 significavit,
1066 1811 1143 1853 cum
1168 1804 1297 1855 aestate

184 1914 257 1966 tum
282 1901 409 1964 lucidas
435 1921 508 1963 esse
533 1913 661 1976 nocteS,
695 1899 870 1984 nullosque
903 1910 1019 1962 contra
1050 1920 1112 1982 per
1145 1898 1298 1963 brumam

185 2008 326 2072 sdicat.

216 2132 457 2216 Comparanda
481 2131 637 2194 videntur
661 2131 705 2195 ad
722 2131 834 2195 Taciti
859 2130 963 2195 verba
988 2131 1185 2194 illustranda
1209 2132 1294 2195 haee

187 2240 285 2304 esaris
310 2237 413 2302 verba
439 2237 490 2320 (B.
516 2237 561 2308 G,
583 2238 616 2300 V
644 2241 707 2321 13).

220 2364 399 2445 „Nonnulli
453 2366 660 2450 scripserunt
711 2367 783 2429 dies
837 2367 1014 2430 continuos
1058 2368 1196 2452 triginta
1233 2367 1295 2430 sub

190 2493 247 2536 ma
282 2493 355 2536 esse
391 2484 536 2536 noctem.
600 2473 673 2536 Nos
709 2474 788 2536 nihil
824 2474 866 2536 de
904 2495 945 2536 eo
980 2474 1294 2558 percontationibus

191 2578 389 2654 eriebamus,
414 2579 475 2642 nisi
501 2581 601 2643 certis
627 2602 670 2643 ex
701 2602 790 2664 aqua
821 2581 984 2644 mensuris
1017 2581 1189 2644 breviores
1222 2604 1295 2646 esse

199 2683 395 2769 Britannia),
420 2708 521 2772 quam
545 2688 577 2750 in
603 2689 787 2752 continenti
811 2701 929 2752 noctes
954 2688 1186 2752 videbamusl

217 2810 309 2875 Mela
333 2824 446 2876 autem
481 2835 558 2877 cum
600 2815 652 2893 „in
677 2814 909 2901 Hyperboreis
945 2815 1007 2878 sub
1040 2816 1113 2900 ipso
1134 2801 1294 2879 siderum

194 2917 264 2982 line
289 2941 349 2983 sex
373 2920 543 2984 mensibus
568 2922 656 2984 diem
681 2933 715 2984 et
746 2923 886 2985 totidem
919 2924 991 2985 aliis
1022 2935 1157 2986 noctem
1189 2945 1295 3008 usque

195 3026 320 3090 tinuam
343 3032 435 3091 esse“
463 3028 555 3091 dicat
580 3027 638 3109 (ll-l
663 3031 728 3110 36),
753 3031 786 3092 in
811 3029 917 3092 insula
941 3030 1054 3116 Thyle
1082 3029 1297 3108 ,brevesuti-

231 3147 348 3198 noctes
388 3155 471 3210 esse,
511 3135 572 3198 sed
595 3157 657 3219 per
688 3137 832 3198 hiemem
856 3137 942 3199 sicut
981 3135 1082 3199 aliubi
1122 3135 1294 3213 obscuras

198 3251 256 3303 ate
280 3240 440 3304 lucidas.“
468 3241 526 3324 (ΙΙΙ
552 3245 617 3324 57).

216 3362 321 3440 Quod
344 3364 483 3442 Caesar,
507 3366 610 3443 Mela,
635 3366 762 3430 Plinius
786 3367 956 3431 scribunt:
991 3368 1024 3430 in
1057 3369 1297 3452 septentrioni-

216 3472 325 3535 multis
350 3472 469 3536 diebus
488 3474 653 3537 continuis
678 3477 749 3556 (sex
774 3474 957 3557 mensibus)
983 3497 1055 3538 esse
1079 3476 1188 3538 hieme
1215 3498 1295 3540 noc-

201 3625 206 3654 ,
232 3579 371 3642 totidem
396 3581 467 3643 aliis
491 3581 626 3657 nullam,
651 3581 890 3666 depromptum
919 3595 969 3645 est
1001 3605 1042 3645 ex
1074 3582 1294 3666 scriptoribus

202 3705 352 3762 ecorum,
392 3688 449 3771 qui
488 3698 642 3751 naturam
682 3688 814 3751 solstitii
863 3691 1142 3775 sphaericamque
1183 3703 1293 3753 terrae

203 3813 270 3855 ram
294 3806 468 3857 noverant.
515 3794 656 3858 Tacitus
681 3818 760 3858 vero
795 3796 856 3860 illis
889 3796 1099 3861 Graecorum
1133 3797 1294 3860 doctrinis

204 3900 298 3976 ¹cetis,
324 3922 411 3985 quae
437 3901 565 3966 Caesar
589 3903 721 3966 viderat
746 3916 779 3966 et
796 3902 960 3988 Agricola
982 3905 1088 3967 classe
1113 3905 1213 3967 missa
1239 3927 1294 3966 ex-

204 4027 241 4069 us
265 4019 347 4083 erat,
373 4008 443 4071 sola
470 4010 651 4093 respiciens
677 4023 710 4072 et
741 4012 933 4073 universum
968 4011 1084 4075 orbem
1116 4013 1197 4074 mari
1231 4013 1295 4075 cir-

205 4112 315 4178 tusum
340 4136 413 4178 esse
438 4117 597 4200 opinanS,
622 4116 752 4180 lucidas
786 4119 818 4180 in
866 4119 1151 4203 septentrionibus
1176 4132 1293 4182 noctes

226 4221 319 4285 effici
342 4234 451 4308 putat,
476 4224 567 4309 quod
595 4237 766 4305 „extrema
791 4238 825 4290 et
848 4226 950 4310 plana
984 4239 1147 4290 terrarum
1178 4227 1293 4292 humili
