2978 4988
751 353 971 416 -34„.

300 586 301 590 ,
368 542 440 606 Iam
470 565 551 606 vero
584 556 794 607 transeamus
818 545 863 606 ad

611 670 650 743 C.
681 669 866 744 Plinium
894 669 1110 743 Maiorem.

353 792 419 855 Hic
429 804 610 877 postquam
621 793 692 877 ipse
702 794 735 856 in
744 792 926 856 Germania
935 793 1132 877 praefectus
1142 795 1217 858 alae
1229 796 1393 861 militavit
1401 799 1446 860 im·

277 912 435 985 peratore
460 898 597 963 Nerone
616 899 715 984 (Plin.
734 922 787 985 ep.
801 899 847 962 Ill
865 901 922 985 5.),
947 899 1035 963 bella
1052 903 1173 978 omnia,
1196 923 1291 988 quae
1310 927 1446 991 unquam

277 1028 353 1070 cum
377 1006 555 1071 Germanis
593 1021 691 1093 gesta
730 1021 836 1083 erant,
875 1006 951 1069 XX
990 1007 1213 1072 voluminibus
1254 1011 1446 1097 descripsit:

276 1115 409 1199 scripsit
443 1125 621 1199 praeterea
661 1116 834 1195 „historias
867 1138 886 1178 a
922 1115 988 1177 fine
1023 1114 1151 1178 Aufidii
1186 1114 1337 1194 Bassi“,
1374 1141 1448 1205 quas

274 1223 537 1286 fundamentum
558 1223 657 1286 fuisse
682 1223 795 1286 Taciti
820 1222 1045 1285 Historiarum
1069 1235 1171 1307 atque
1197 1223 1249 1286 his
1286 1225 1365 1290 illas
1397 1225 1449 1290 ola

273 1344 425 1395 scuratas
463 1353 536 1394 esse
572 1344 606 1394 et
639 1329 788 1394 sublatas
813 1329 937 1393 Nissen
969 1343 1070 1393 acuta
1094 1330 1332 1413 disputatione
1366 1356 1448 1398 com·

273 1437 430 1522 probavit
442 1442 461 1498 1.
497 1438 686 1517 ,Bellorum
710 1436 912 1500 Germaniae
938 1437 1040 1500 libros
1064 1436 1158 1499 XX“
1186 1459 1221 1501 se
1247 1442 1390 1505 novisse
1420 1456 1447 1504 et

274 1545 305 1606 in
329 1566 426 1607 usum
451 1567 546 1608 suum
571 1546 777 1607 convertisse
791 1544 933 1607 Tacitus
958 1545 1029 1629 ipse
1047 1557 1191 1607 testatur
1207 1546 1259 1609 his
1276 1548 1446 1612 annalium

273 1650 299 1734 (l
325 1654 379 1733 69)
404 1651 533 1714 verbis:
563 1652 704 1730 „Tradit
727 1651 767 1715 C.
793 1651 930 1727 Plinius,
962 1650 1244 1715 Germanicorum
1281 1653 1446 1719 bellorum

272 1759 426 1842 scriptor,
443 1760 576 1821 stetisse
594 1757 850 1844 (Agrippinam)
868 1772 951 1842 aput
966 1759 1168 1842 principium
1185 1760 1313 1842 pontis,
1334 1762 1447 1825 laudes

271 1878 305 1928 et
328 1877 444 1950 grates
470 1867 612 1927 reversis
629 1864 818 1950 legionibus
835 1864 1050 1927 habentem“.
1076 1864 1198 1950 Neque
1216 1864 1446 1932 dubitandum

271 1986 332 2047 est,
357 1973 437 2056 quin
461 1972 504 2035 de
521 1970 705 2034 Germania
722 1970 844 2034 librum
867 1971 1018 2035 scribens
1035 1972 1177 2034 Tacitus
1194 1973 1285 2036 hunc
1303 1977 1446 2040 novissi-

270 2101 360 2141 mum
385 2099 426 2142 ac
450 2080 715 2141 recentissimum
739 2092 922 2154 auctorem,
940 2099 1085 2162 quocum
1102 2092 1242 2163 propter
1259 2083 1445 2146 amicitiam

270 2198 304 2248 et
329 2187 590 2249 familiaritatem
615 2185 711 2247 Plinii
736 2185 878 2248 Minoris
903 2187 1151 2249 necessitudine
1175 2187 1329 2271 quadam
1369 2211 1447 2254 con-

270 2293 402 2356 iunctus
420 2305 501 2368 erat,
519 2305 692 2377 tamquam
709 2294 872 2376 optimum
889 2293 1011 2356 ducem
1025 2306 1162 2356 secutus
1186 2294 1237 2356 sit.
1264 2293 1447 2360 Perierunt

269 2412 382 2463 autem
430 2421 497 2462 non
545 2400 652 2462 solum
694 2401 891 2478 „historiae“
934 2400 1048 2475 Plinii,
1093 2401 1265 2484 perierunt
1306 2425 1445 2490 quoque

273 2507 454 2587 „bellorum
478 2506 680 2570 Germaniae
706 2506 812 2584 libri“‚
837 2521 873 2570 ut
890 2521 1054 2592 quantum
1071 2530 1113 2570 ex
1135 2509 1174 2570 iis
1191 2509 1446 2595 deprompserit

203 2691 205 2695 Α
268 2614 429 2689 Tacitus,
468 2615 698 2698 comparando
738 2615 960 2677 demonstrari
997 2636 1063 2676 non
1098 2616 1214 2697 possit.
1261 2614 1334 2679 Sed
1370 2639 1445 2681 cum

268 2720 394 2784 Plinius
404 2722 452 2797 iis,
464 2742 551 2805 quae
560 2743 669 2806 —qua
679 2733 751 2784 erat
762 2721 939 2783 sedulitate
950 2761 986 2766 —
995 2743 1037 2782 ex
1047 2722 1135 2783 omni
1144 2742 1269 2807 genere
1279 2721 1446 2788 librorum

269 2841 431 2911 excerpta
465 2826 624 2904 habebat,
661 2830 693 2890 in
729 2825 884 2890 omnibus
920 2829 1022 2912 ipsius
1066 2827 1159 2891 libris
1195 2832 1446 2913 componendis

268 2956 346 2997 usus
370 2935 422 3009 sit,
449 2936 577 2998 factum
603 2947 663 3011 est,
687 2947 724 2997 ut
750 2935 918 3010 nonnulla,
943 2956 1030 3019 quae
1064 2936 1096 2997 in
1130 2935 1221 2998 libris
1254 2935 1446 3020 deperditis

267 3041 393 3105 Plinius
429 3056 643 3126 exposuerat,
680 3043 712 3103 in
748 3040 921 3104 Naturalis
946 3042 1114 3104 Historiae
1147 3042 1251 3117 libris,
1287 3044 1345 3127 qui
1384 3047 1446 3109 soli

268 3150 391 3212 servati
423 3161 517 3225 sunt,
551 3150 694 3233 repetita
728 3161 872 3213 exstent.
925 3148 1126 3232 Complures
1161 3162 1274 3212 autem
1310 3150 1445 3214 illorum

268 3255 427 3318 librorum
451 3256 526 3330 loci,
552 3255 672 3339 quibus
697 3256 739 3319 de
757 3255 940 3319 Germania
965 3257 1087 3341 agitur,
1106 3277 1182 3319 cum
1195 3257 1309 3319 Taciti
1330 3259 1447 3322 verbis

266 3363 312 3425 ita
337 3375 537 3448 congruunt,
563 3375 598 3424 ut
624 3385 666 3425 ex
691 3362 788 3425 Plinii
812 3363 904 3426 libris
929 3365 1078 3426 hausisse
1103 3363 1262 3426 Tacitum
1287 3370 1447 3446 pateat.²

357 3469 461 3545 Quod
486 3492 552 3555 qua
577 3471 704 3532 ratione
729 3470 861 3545 lecerit,
886 3491 928 3532 ex
953 3472 1125 3555 utriusque
1142 3468 1324 3532 verborum
1351 3492 1447 3535 com-

266 3577 444 3661 paratione
469 3577 617 3661 intellegi
641 3575 766 3639 licebit.

356 3682 409 3746 Ac
435 3686 578 3768 primum
602 3683 749 3769 quidem,
774 3705 861 3768 quae
887 3684 926 3746 de
947 3683 1111 3746 Daanvz'o
1134 3684 1269 3746 flumine
1295 3697 1446 3772 uterque

268 3792 381 3868 tradit,
406 3792 632 3855 conferamus.

358 3969 365 3996 ¹
386 3971 457 4020 Mus.
477 3970 567 4018 Rhen.
587 3971 641 4018 vol.
662 3972 694 4019 26
714 3986 740 4032 p.
760 3972 909 4020 ist-548.

357 4057 366 4084 ²
386 4060 457 4107 Tres
477 4059 554 4106 locos
575 4058 624 4121 (IV
645 4061 686 4120 79,
704 4061 744 4107 IV
767 4061 816 4108 106
834 4060 968 4107 XXXVII
981 4060 1014 4107 42
1034 4060 1104 4121 sqq.)
1125 4058 1291 4123 significavit
1306 4058 1448 4124 Koepke;

268 4147 301 4195 de
325 4148 385 4196 aliis
419 4147 583 4211 quibusdam
615 4148 746 4197 disseruit
767 4149 943 4208 Schleusner,
971 4148 1069 4212 Progr.
1106 4147 1253 4213 Gymnasii
1279 4148 1449 4203 Barmensis

268 4237 335 4287 nee
354 4252 381 4300 p.
402 4238 514 4287 18-21.
