2978 4988
743 319 963 390 ,20-

397 517 564 583 Caesar
588 518 627 580 B.
653 517 695 582 G.

312 624 327 687 I
351 629 403 691 51.
428 624 590 690 Germani
614 647 691 689 suas
709 625 825 709 copias

267 733 456 818 generatim
474 733 720 796 constituerunt
735 732 825 817 pari·

267 838 330 903 bus
347 839 539 916 intervallis,
553 839 721 916 Harudes,
733 838 828 902 Mar-

268 968 463 1024 comannos,
488 947 666 1024 Tribocos,
699 946 826 1034 Vangi-

267 1077 366 1133 ones,
428 1057 610 1133 NemeteS,
655 1055 826 1131 SedusiOS,

268 1162 419 1240 SuebOS,
463 1185 665 1250 omnemque
719 1163 827 1226 aciem

267 1292 362 1333 suam
386 1271 477 1334 redis
501 1284 535 1334 et
559 1272 662 1334 carris
686 1271 828 1333 circum-

268 1378 446 1454 dederunt,
459 1401 500 1441 ne
515 1399 581 1463 qua
598 1399 676 1462 spes
692 1379 726 1440 in
743 1378 827 1462 fuga

268 1486 520 1571 relinqueretur.
578 1485 631 1548 Eo
671 1485 827 1547 mulieres

268 1593 508 1678 imposuerunt,
523 1615 609 1678 quae
619 1594 651 1654 in
661 1593 826 1676 proelium

268 1701 523 1785 proficiscentes
546 1700 654 1785 passis
672 1698 826 1763 manibus

268 1808 388 1871 flentes
423 1807 669 1892 implorabant,
707 1828 750 1870 ne
789 1828 824 1869 se

270 1916 303 1978 in
337 1915 533 1978 servitutem
561 1915 726 1978 Romanis
759 1926 827 1976 tra-

271 2022 400 2085 derent.

1055 519 1257 583 Tacstus

927 629 955 689 7.
980 625 1073 710 quod
1096 627 1331 711 praecipuum
1356 628 1440 691 forti·

871 732 1005 795 ‘tudinis
1022 733 1279 796 incitamentum
1300 748 1367 812 est,
1384 758 1441 799 non

881 860 979 903 casus
990 861 1053 903 nec
1066 840 1206 904 iortuita
1222 842 1441 928 conglobatio

880 958 1025 1010 turmam
1061 959 1120 1010 aut
1165 969 1316 1012 cuneum
1355 951 1443 1027 facit,

880 1055 941 1119 sed
980 1056 1128 1119 familiae
1172 1067 1206 1118 et
1244 1058 1444 1143 propinqui·

881 1173 984 1237 tates;
1010 1175 1043 1225 et
1065 1163 1098 1224 in
1114 1164 1270 1247 proximo
1288 1165 1444 1251 pignora,

880 1270 970 1333 unde
994 1270 1197 1333 feminarum
1218 1270 1373 1336 ululatus
1393 1295 1444 1336 au·

881 1378 954 1454 diri,
980 1378 1068 1440 unde
1092 1378 1226 1463 vagitus
1244 1379 1442 1453 infantium

880 1485 913 1546 hi
938 1485 1059 1569 cuique
1092 1486 1295 1548 sanctissimi
1333 1499 1444 1563 testes,

866 1578 915 1654 'hi
961 1591 1098 1654 maximi
1144 1592 1364 1668 laudatores;
1406 1594 1444 1657 ad

882 1711 1017 1775 matreS,
1042 1699 1086 1762 ad
1110 1700 1272 1784 coniuges
1302 1702 1443 1764 vulnera

880 1807 1013 1880 ferunt3
1035 1827 1098 1869 nec
1120 1806 1194 1869 illae
1213 1829 1397 1872 numerare
1414 1820 1445 1871 et

880 1913 1018 1997 exigere
1043 1914 1164 1998 plagas
1187 1925 1316 1997 pavent
1340 1915 1446 1980 cibos·

881 2041 947 2106 que
961 2032 994 2083 et
1007 2020 1196 2083 hortamina
1209 2022 1444 2106 pugnantibus

883 2139 1030 2213 gestant.

929 2239 959 2299 8.
974 2235 1163 2298 Memoriae
1178 2235 1335 2319 proditur
1346 2259 1446 2322 quas·

884 2343 963 2407 dam
987 2343 1077 2406 acies
1101 2343 1278 2407 inclinatas
1311 2345 1382 2407 iam
1413 2356 1445 2408 et

884 2449 1037 2514 labantes
1062 2473 1082 2513 a
1110 2451 1245 2514 feminis
1269 2453 1446 2515 restitutas

886 2559 1075 2620 constantia
1106 2579 1246 2642 precum
1282 2571 1317 2621 et
1353 2581 1446 2622 mon·

885 2675 991 2726 strata
1025 2666 1210 2728 comminus
1234 2667 1446 2750 captivitate.

307 2876 308 2880 Ἰ
361 2788 487 2852 Mirum
521 2789 555 2851 in
590 2790 728 2852 modum
761 2802 963 2873 congruunt,
996 2811 1084 2876 quae
1121 2789 1252 2854 Caesar
1282 2793 1391 2855 semel
1415 2793 1448 2855 in
1485 2854 1487 2877 =

273 2917 388 2982 pugna
420 2916 496 2958 cum
520 2894 693 2958 Ariovisto
726 2896 904 2959 commissa
938 2895 1118 2961 observata
1151 2898 1264 2974 tradit,
1298 2911 1332 2960 et
1357 2920 1447 2984 quae
1485 2902 1487 2913 '

275 3015 410 3066 centum
434 3002 679 3087 quinquaginta
704 3003 798 3064 annis
826 3015 904 3086 post
936 3003 1046 3066 multis
1079 3002 1175 3066 bellis
1206 3005 1293 3067 inter
1317 3005 1449 3068 Roma-

274 3131 335 3172 nos
352 3122 385 3172 et
397 3107 587 3172 Germanos
604 3110 710 3194 gestis
727 3121 761 3171 et
785 3109 963 3194 descriptis
978 3109 1120 3173 Tacitus
1137 3112 1237 3174 moris
1251 3112 1344 3195 apud
1361 3111 1450 3176 Ger-

274 3239 392 3280 manos
403 3218 435 3278 in
449 3216 537 3280 bello
551 3216 651 3279 fuisse
666 3218 846 3301 copiosiuS,
863 3219 1012 3280 ornatius
1023 3220 1281 3304 accuratiusque
1295 3221 1448 3303 exponit.

364 3324 409 3386 Et
434 3345 510 3387 cum
535 3322 664 3386 Caesar
689 3323 742 3406 (B.
768 3323 810 3387 G.
837 3323 850 3385 l
875 3326 950 3406 50):
994 3347 1055 3403 ,ex
1087 3327 1229 3409 captivis
1253 3340 1449 3410 quaereret,

275 3453 377 3516 quam
402 3430 446 3493 ob
470 3453 541 3493 rem
565 3429 755 3494 Ariovistus
786 3429 915 3515 proelio
947 3453 1013 3493 non
1046 3432 1250 3507 decertaret,
1282 3433 1372 3497 hanc
1399 3456 1450 3497 re-

274 3536 429 3622 periebat
468 3530 621 3613 causam,
662 3538 753 3621 quod
792 3537 884 3620 apud
924 3536 1114 3600 Germanos
1154 3560 1194 3601 ea
1234 3542 1450 3604 consuetudo

277 3656 377 3720 esset,
401 3657 438 3707 ut
462 3657 586 3707 matres
610 3644 758 3707 familiae
782 3665 898 3707 eorum
922 3643 1068 3707 sortibus
1092 3659 1125 3707 et
1150 3647 1451 3712 vaticinationibus

277 3752 500 3827 declararent,
524 3765 635 3815 utrum
659 3752 822 3836 proelium
847 3753 1009 3815 committi
1034 3774 1076 3814 ex
1100 3774 1162 3815 usu
1187 3766 1275 3815 esset
1300 3763 1452 3831 necne“;

277 3858 419 3921 Tacitus
442 3870 555 3921 autem
579 3879 607 3920 e.
634 3865 663 3933 8,
688 3871 869 3943 postquam
893 3858 936 3920 de
961 3858 1094 3921 leminis
1112 3861 1200 3922 viros
1225 3861 1256 3922 in
1282 3862 1454 3944 proelium

278 3963 495 4049 sequentibus
512 3987 637 4050 eosque
655 3964 864 4028 hortantibus
882 3965 977 4040 dixit,
993 3987 1141 4050 pergens
1167 3968 1212 4029 ait
1234 3968 1289 4030 iis:
1319 3969 1453 4045 ,inesse

278 4072 357 4156 quin
383 4072 483 4133 etiam
508 4084 661 4134 sanctum
696 4073 821 4156 aliquid
855 4083 888 4135 et
923 4072 1101 4155 providum
1134 4087 1265 4157 putant,
1302 4096 1367 4137 nec
1393 4094 1456 4142 aut

279 4177 417 4244 consilia
442 4199 557 4241 earum
581 4192 805 4265 aspernantur
828 4191 886 4242 aut
910 4199 1072 4264 responsa
1089 4180 1313 4268 negleguntl“
1349 4182 1458 4252 Vele-
